2304 4320
88 340 177 421 2ss
225 336 551 401 ANNOTdTiONES.
592 336 676 403 cdd·
690 336 839 402 xxvtt.
869 342 967 419 §.id

93 528 175 580 retur
196 512 392 583 stracissime,
420 509 457 569 dc
477 510 622 570 industris
642 510 699 571 boc
719 514 881 588 repetivit
903 532 1040 590 responset,

95 617 129 665 nt
150 613 179 660 et
200 599 309 659 iudices
331 606 361 655 et
381 596 528 655 auditores
545 609 745 655 accusatorem
771 601 996 674 perversissime
1009 619 1041 659 res

95 698 243 771 germtem
270 701 351 740 suern
378 694 594 759 cognoscerent.
638 682 722 749 Quod
758 697 918 760 qusntnm
947 686 1040 745 sbritd

95 773 190 834 nostri
212 769 267 828 loci
288 768 443 837 sententia,
464 769 494 824 in
512 768 663 842 propatulo
685 779 739 826 est.
782 767 1041 829 Mettbieenssrtre

96 863 127 919 in
148 877 183 916 eo
205 855 332 930 pendium
359 853 394 909 eb
422 871 491 910 reso
520 851 634 911 ridetur
655 853 832 925 aberrasse,
870 856 968 931 quod,
990 874 1041 932 qu

96 947 189 1003 inesse
210 938 304 998 voluit
327 937 421 995 rerbis
441 938 632 1006 sententiam,
654 957 687 995 ee
709 949 777 995 tum
804 940 934 999 densum
955 942 987 998 iis
1002 961 1040 1001 cu·

95 1032 253 1093 tineretur,
280 1023 329 1078 ubi
351 1025 524 1096 reposuisset
546 1020 710 1080 liderosnei
729 1022 779 1081 Cf.
804 1022 835 1106 ᾗ,
864 1028 921 1085 79.
953 1036 1041 1108 sstpe

96 1114 213 1190 aliquos
234 1126 337 1166 servos
358 1116 412 1164 ast
435 1106 552 1166 liberos.
595 1107 778 1166 biderrense?
801 1130 889 1188 quos
913 1133 998 1191 nepae
1011 1126 1040 1170 ete

96 1197 232 1266 Accedit,
264 1192 340 1268 quod
374 1192 534 1251 emendetio
566 1194 775 1267 impedimento
807 1196 881 1253 sere
912 1209 957 1255 cst
981 1199 1039 1259 seii

96 1301 167 1363 pisos
188 1275 338 1337 domines?
366 1279 470 1353 quippe
491 1295 565 1355 quse
587 1279 617 1336 ri
639 1280 696 1335 iam
718 1279 941 1341 destituentur
960 1286 1040 1357 its,tt

96 1369 212 1427 omnino
244 1381 457 1438 supervacanee
490 1381 551 1419 esee
584 1363 758 1437 rideantnr;
803 1369 929 1426 etenim
965 1378 1039 1445 recept

97 1450 295 1511 emendatione
315 1466 374 1506 non
402 1459 496 1523 potest
518 1448 650 1523 cuiquem
674 1448 796 1508 dubium
832 1472 926 1526 esse,
953 1454 1039 1533 quirit

97 1537 209 1596 sicsriis
243 1534 282 1592 eit
310 1532 504 1611 cogitandum.
553 1533 761 1608 dequierimus
793 1537 916 1616 igitur·
939 1542 968 1599 in
991 1538 1038 1599 esd
1068 1538 1072 1545 '

97 1624 224 1681 omnium
247 1621 407 1694 scripture,
430 1637 518 1694 quum
539 1620 699 1676 arctissime
719 1639 796 1696 quos
821 1622 983 1684 donrinesi
1002 1644 1037 1682 css

96 1706 239 1785 prioribus
259 1706 319 1761 sint
340 1703 539 1781 coniungenda
560 1704 619 1771 its,
642 1715 675 1761 ut
693 1703 878 1767 Ciceronem
903 1722 1037 1792 exaggeret

95 1794 226 1852 cretione
247 1789 339 1860 idem,
370 1788 446 1863 quod
477 1790 534 1845 ineu
562 1790 718 1862 quaesierit
740 1803 871 1853 tontum
895 1816 957 1855 non
975 1796 1035 1854 tute

95 1876 207 1947 verbis,
240 1886 369 1950 repetere
399 1873 612 1931 contendemus.
662 1872 833 1950 Sequentia
868 1893 969 1941 sutem
991 1878 1035 1938 ist

95 1963 198 2021 deesse
224 1992 269 2003 -
295 1955 443 2017 sicarios?
478 1958 649 2017 documento
679 1970 767 2035 sunt,
806 1965 878 2024 inm
910 1969 947 2025 de
973 1966 1035 2025 iibri

95 2067 115 2107 s
138 2067 158 2104 s.
180 2078 223 2092 ·-

115 2068 137 2125 g
181 2128 207 2211 ᾗ.
229 2130 280 2187 id.
323 2124 498 2188 [indidemne
529 2128 680 2210 directim]
710 2129 794 2192 citet
828 2132 1034 2198 Priscinnnsei

96 2216 213 2275 Putsob.
241 2233 267 2290 p.
294 2216 383 2273 1013.
426 2214 553 2273 insolens
580 2217 748 2275 adverbium
781 2233 884 2280 voest
915 2222 1034 2282 iteneris

95 2303 134 2361 At
163 2311 277 2376 prseter
308 2299 439 2358 Plautum
470 2314 499 2359 et
521 2301 662 2373 Gellium,
692 2321 766 2377 quos
796 2306 869 2379 ipse
894 2309 1033 2380 leudst,e

95 2406 165 2446 usus
186 2396 230 2443 est
250 2383 400 2442 Cornelius
423 2384 534 2462 Nepos,
565 2386 602 2444 sd
624 2404 707 2462 quem
730 2388 801 2444 vide
828 2389 920 2450 Bosii
943 2396 1033 2453 inditis

95 2474 146 2548 qui
167 2472 239 2528 elios
261 2471 348 2527 etiem
371 2471 450 2529 dubit
471 2484 620 2530 auctorum
643 2473 728 2530 locos.
776 2471 844 2533 Sed
869 2483 982 2539 errarit
996 2473 1032 2536 idei

95 2557 195 2615 Livius
223 2555 363 2629 imprimis
395 2568 424 2613 et
455 2575 538 2632 quam
569 2575 653 2629 snepe
680 2562 859 2634 usurpnrit,
899 2567 1033 2622 docebitis

94 2639 349 2700 Drakenborehius
368 2641 405 2697 ad
420 2640 523 2713 XXV,
547 2642 594 2698 15.
615 2639 777 2713 XXXIX,
801 2647 835 2703 8.
888 2649 949 2707 iiie
962 2650 1033 2725 crpiiu

95 2747 134 2786 ss
151 2726 292 2785 eademne
307 2724 452 2785 Ameria?
482 2738 515 2785 nt
535 2727 610 2800 opud
628 2725 769 2802 Nepotem
794 2730 942 2794 indidem
957 2732 1032 2799 'lidie
1081 2808 1083 2813 Ι

95 2832 133 2871 ex
158 2812 261 2869 iisdem
290 2808 413 2887 'l'hebis;
446 2812 522 2887 epud
552 2810 665 2869 Liuium
696 2811 836 2874 indidem
872 2842 915 2879 ex
944 2819 1033 2883 Aciris,

95 2916 132 2955 ex
152 2897 251 2955 cadem
267 2895 384 2958 Achaia.
427 2896 528 2973 Neque
549 2898 622 2954 enim
646 2898 872 2973 explanationis
896 2903 1033 2964 esussTd

88 2983 151 3038 -lins
178 2981 290 3038 addidit
312 2981 472 3055 Ameriam,
503 2993 536 3040 ut
564 2983 628 3040 vult
650 2979 819 3059 Manutius,
855 2993 912 3050 sed
941 2988 1033 3068 quisi

94 3065 190 3123 Latini
213 3069 379 3141 loquuntur.
414 3065 479 3125 Hoc
500 3068 617 3126 rerbum
638 3065 784 3125 Ernestns
806 3078 928 3137 omisit,
961 3076 1032 3135 Garat

180 3147 206 3231 ξ.
229 3154 280 3209 74.
322 3148 487 3225 „Pretium
508 3152 622 3210 dedit.“
667 3150 723 3209 Cat
744 3153 875 3241 dedidi]
911 3162 963 3222 Sic
980 3160 1033 3220 rttit

92 3234 324 3308 interpunximns
352 3256 405 3312 pro
435 3238 514 3315 vulg.
542 3237 676 3317 pretium
704 3238 813 3300 dediti
858 3249 893 3306 id
922 3247 991 3326 quod
1009 3243 1033 3305 d

92 3318 159 3376 inde
180 3319 332 3377 uidebatur
352 3326 543 3380 necessarium
565 3343 640 3396 esee,
670 3323 746 3399 qnod
770 3332 890 3392 onrissn
915 3347 960 3393 est
977 3335 1033 3389 iuter·

91 3401 214 3482 rogandi
235 3407 384 3478 particule.
428 3407 525 3475 Quint
556 3427 619 3466 earn
647 3410 743 3465 omitti
766 3430 862 3487 posse
886 3439 947 3478 non
966 3433 1034 3476 come

92 3485 207 3547 dimus?
240 3489 440 3565 Verumtamen
469 3511 557 3567 quum
579 3511 671 3568 neque
691 3512 710 3551 s
730 3499 892 3570 prioribus
920 3506 992 3563 ebrit
1005 3519 1034 3557 re·

91 3593 147 3649 que
169 3593 187 3633 a
207 3575 408 3648 sequentibus,
437 3579 644 3637 consectarium
675 3590 735 3651 est,
763 3579 824 3641 hoc
855 3588 926 3649 loco
953 3590 1035 3649 minist

90 3678 152 3717 enm
180 3659 308 3732 potuisse
336 3662 449 3739 nigiigi.
492 3663 576 3730 Quod
605 3664 630 3720 si
658 3665 717 3720 ulis
738 3665 772 3722 in
795 3670 891 3733 libris
921 3676 1035 3735 exsterni

88 3745 208 3803 lacernae
230 3744 371 3822 uestigia,
396 3765 561 3821 reponerem
580 3743 739 3820 „Pretium
763 3751 895 3818 dedam
935 3759 1034 3820 Βατία

87 3827 190 3886 dediti
219 3841 248 3887 et
274 3829 434 3889 conferrem
464 3831 579 3907 todem,
607 3851 680 3912 quae
707 3854 800 3913 supra
832 3844 971 3910 laudavit
986 3842 1035 3905 ibt·

86 3911 198 3971 thineus
222 3932 258 3972 ex
279 3915 306 3989 ἦ.
320 3914 371 3974 dd.
