2304 4320
86 284 169 363 {aa
242 285 563 347 annonarrousa
604 286 687 347 car.
703 288 790 348 vnn
815 290 922 368 aaa.

91 461 208 521 lintris·
229 457 265 517 ds
287 458 444 534 mosao.
487 459 567 527 Quae
588 459 703 534 quitiam
727 459 914 519 emendatio
936 479 1048 518 sannas

92 549 141 604 val
155 544 233 603 -intie
260 544 359 602 balnrit
386 544 676 618 commandationem,
704 544 787 619 quod
821 565 889 604 vox
920 543 1049 603 bustum

94 631 218 708 margini
245 629 396 686 sitiebatur
418 629 562 704 adscripta
590 650 652 687 ease
678 631 811 700 lenires,
844 645 883 688 ut
914 634 1049 707 seriptrru

95 735 180 775 mss
208 724 358 772 notaretur
385 714 582 789 discrepantia.
632 718 695 782 llus
725 715 757 771 in
791 732 830 771 re
861 716 1049 773 librarioru

95 820 158 857 essa
178 800 360 873 impositura,
380 801 427 856 rel
448 799 519 856 illud
541 799 709 857 doeunaento
729 810 796 868 est,
823 800 912 874 quod
933 813 992 858 tres
1004 802 1049 857 libri

98 885 289 943 Goerensisni
320 881 472 940 bsmuiom
505 883 638 942 exhibent
672 903 724 958 pro
754 902 864 941 urana
921 887 1048 944 Verissist

97 984 193 1033 sutem
216 968 357 1024 infelicem
380 970 569 1026 menabrorurn
592 970 854 1043 transpositionem
874 989 895 1026 s
913 972 1049 1027 nobiress

98 1055 317 1130 investigatam,
347 1066 407 1111 turn
436 1073 473 1110 ex
500 1072 534 1110 eo
561 1056 607 1111 rel
637 1054 760 1110 maxims
794 1057 993 1130 perspicuum
1016 1068 1048 1125 ert,

36 1146 38 1153 '
99 1138 175 1212 quod
197 1139 284 1194 uariis
305 1140 383 1195 situs
404 1138 549 1216 reliquiae
571 1142 614 1196 sie
634 1140 741 1213 optime
756 1140 955 1214 respondent
973 1142 1048 1214 priori

98 1224 169 1280 bus:
199 1225 344 1279 transiri
365 1224 505 1283 dieantur
525 1237 596 1296 ete,
626 1237 688 1281 tum
709 1222 788 1297 quod
813 1225 910 1284 antid.
934 1229 1049 1300 scriptura

100 1326 209 1385 corpus
230 1309 379 1365 inuetitum
402 1319 447 1367 ert
474 1311 515 1366 sie
542 1310 654 1366 denium
681 1317 759 1364 reete
788 1321 899 1383 potest
929 1312 1049 1386 expliciti

74 1410 77 1417 ·
101 1390 175 1449 Nam
205 1393 234 1449 lu
257 1391 355 1449 Sullae
385 1395 499 1472 ignibus
528 1395 648 1451 cremati
676 1391 828 1450 mentione
859 1393 950 1452 facts
979 1395 1049 1453 crea

101 1478 159 1534 iam
181 1477 215 1533 οιΙ
239 1496 288 1534 eos
308 1481 428 1549 transit,
450 1481 500 1553 qui
520 1499 587 1550 aon,
610 1490 759 1547 utentes,
781 1475 1003 1551 humabantur,
1021 1478 1049 1536 ul

103 1564 153 1635 qui
174 1561 294 1621 bamaria
308 1563 562 1637 consumebantur3
584 1581 737 1637 eorumque
753 1564 886 1620 tumulis
903 1578 997 1644 negat
1008 1578 1050 1622 sau

102 1647 225 1720 sepulcri
253 1666 355 1705 nomen
382 1667 464 1723 posse
491 1651 618 1724 imponi,
650 1667 735 1723 quarn
763 1649 847 1705 iusta
878 1649 983 1722 faeta,
1010 1653 1051 1709 ir.

104 1733 188 1807 gleba
203 1724 332 1803 iniecta,
348 1744 377 1795 et
392 1753 494 1807 eorpus
516 1737 555 1791 sit
577 1737 730 1790 incensum.
764 1730 900 1808 Proprie
920 1736 1050 1814 igitursis

104 1817 161 1874 i'uit
183 1817 347 1876 uiuentium:
375 1832 559 1898 posteaquam
581 1820 664 1898 gleba
685 1819 790 1873 iniecta
815 1832 852 1875 et·
868 1839 986 1895 eorpus
1001 1821 1052 1899 ign

105 1901 159 1959 lius
186 1918 366 1966 consumtum
399 1914 458 1973 ert,
499 1905 595 1975 loeus,
631 1903 680 1961 ubi
712 1902 741 1958 id
768 1902 911 1976 factum,
958 1905 1053 1982 sepulti

105 1989 220 2043 nomine
241 2001 370 2045 vocatur.
413 1988 472 2044 Seu
492 1988 683 2061 redeuntium,
712 1986 787 2044 unde
811 1988 951 2067 digressi
974 2009 1054 2049 suast

47 2084 50 2089 ·
106 2068 244 2144 Familia,
273 2072 309 2130 sd
336 2091 421 2147 quam
448 2073 533 2132 funus
560 2074 736 2149 pertinebat,
766 2072 934 2133 dicebatur
956 2076 1054 2143 suauis

107 2157 132 2213 si
155 2169 267 2212 mortuo
290 2160 364 2215 iusta
386 2159 462 2215 faeta
484 2177 542 2217 nou
562 2170 653 2235 erant,
696 2157 732 2215 ef.
754 2157 852 2215 Varro
877 2160 921 2217 de
946 2161 978 2223 n
1000 2159 1055 2229 Ll,
1078 2228 1081 2233 Ι

107 2258 135 2312 p.
153 2242 203 2296 33.
232 2240 349 2321 Speng.'
381 2244 437 2311 Qui
466 2245 545 2301 loeus
572 2261 658 2319 quum
680 2260 771 2317 nuper
797 2261 861 2300 non
888 2249 972 2304 satis
998 2264 1057 2303 sees

108 2336 172 2393 rate
185 2326 223 2381 sit
238 2337 377 2383 tractatus
390 2325 440 2409 (oi,
455 2329 593 2391 Goerena.
608 2328 642 2384 rie
660 2327 748 2407 legg.
763 2326 897 2397 Exorata.
915 2331 942 2398 Ι,
962 2329 1058 2406 plili.

108 2411 206 2485 paullo
228 2410 342 2467 uberius
369 2413 404 2469 tle
431 2432 464 2470 so
492 2413 642 2471 dicendum
666 2425 719 2472 est.
763 2412 861 2470 Varro
887 2429 1059 2493 posteaqua·

58 2541 64 2548 .
109 2497 260 2576 pxposuit,
289 2497 357 2571 quia
387 2500 426 2554 sit
452 2496 556 2569 buarius
585 2510 615 2556 et
641 2516 724 2572 quern
751 2495 920 2561 bunuorum
957 2503 1061 2559 dixeris

108 2579 251 2652 Rorsaaai,
275 2583 360 2639 etiam
382 2602 461 2655 euru,
482 2602 565 2658 quem
588 2582 771 2645 inhumatum
792 2583 971 2645 indicarint
992 2587 1062 2651 iiius,

108 2667 284 2742 cogitatione
306 2670 514 2742 complectitur.
555 2667 680 2727 Enarrat
710 2669 819 2746 igitur,
851 2672 910 2744 qui
944 2675 1011 2729 fieri
1031 2690 1062 2747 pt·

110 2753 216 2823 tuerit„
246 2763 279 2809 ut
308 2751 481 2820 t'alrumatss
511 2756 615 2828 aliquis
636 2753 792 2823 diceretur,
825 2765 927 2829 atque
958 2757 1064 2814 einsles

110 2837 254 2899 ¹concludit
283 2837 421 2896 familiam
450 2841 588 2899 mansisse
613 2839 765 2896 funestam.
809 2838 905 2904 Quod
932 2861 1021 2918 quum
1039 2843 1065 2896 its

109 2922 166 2988 rit,
188 2923 283 2985 locum
304 2926 426 2989 restituo
447 2925 505 2979 sio:
535 2922 579 2979 At
601 2943 650 2995 eo,
672 2942 757 3001 quom
780 2919 950 2987 Rornanus
974 2926 1066 2984 eosrle

110 3013 175 3075 sius
197 3016 226 3063 et
249 3009 280 3063 ia
302 3009 469 3086 sepulerum
491 3009 555 3069 siut
576 3009 691 3066 obieeta
713 3007 766 3084 (ci.
786 3005 868 3074 Fert.
894 3030 923 3069 ι.
949 3035 980 3071 v.
1002 3012 1067 3069 rm

110 3088 243 3165 pidanea)
260 3093 349 3168 glebo
372 3114 429 3152 aaa
451 3104 511 3165 eat,
535 3103 589 3151 aut
610 3096 639 3151 tr'
660 3113 693 3155 os
714 3100 875 3169 eaoeplum
901 3109 958 3156 m
980 3093 1068 3155 nonai

59 3236 63 3243 ,
111 3174 325 3247 adjustitiam
343 3180 537 3257 purgandum
559 3198 612 3236 areo
634 3176 685 3259 (ex
700 3179 810 3254 syllaba
832 3179 876 3235 du
902 3196 939 3240 et
955 3192 1069 3241 assuant

111 3272 155 3315 est
187 3262 265 3339 vulg.
297 3262 447 3344 doaeo)'
434 3286 466 3322 nr
491 3264 652 3342 purgando
682 3263 767 3320 humo
794 3273 842 3320 est
872 3279 1011 3344 opertus
1033 3263 1070 3343 (d

110 3341 274 3416 Pontifices
288 3347 401 3421 dieunt,
424 3351 501 3427 quod
517 3349 689 3412 inhumatus
704 3351 780 3428 sit),
796 3349 945 3422 familia
954 3357 1070 3429 sums

110 3439 222 3487 maaet.
253 3429 408 3493 Verissims
430 3448 472 3493 est
493 3439 637 3510 scriptura
658 3445 797 3512 opertus,
818 3448 854 3491 ut
877 3443 991 3511 paullo
1013 3437 1069 3495 iaia

110 3503 300 3589 inhumatus,
312 3536 410 3592 quum
433 3521 470 3576 ari
486 3520 800 3591 mortuumreseratur3
830 3534 878 3577 est
904 3526 990 3581 enim
1011 3535 1071 3580 stra·

110 3617 194 3665 utura
229 3601 299 3659 suari
332 3626 363 3661 το
399 3604 552 3682 νοούμενον.
609 3604 767 3680 Sequentia
797 3605 842 3661 sie
878 3607 1071 3667 messueris:

109 3686 234 3763 Dicatur
255 3687 454 3760 humilior,
475 3693 527 3769 pus'
548 3689 589 3747 ud
609 3690 727 3747 bumana
751 3690 875 3747 --iaas
901 3695 980 3752 viiia
997 3714 1023 3770 p.
1035 3693 1072 3747 il·

109 3775 129 3844 i.
152 3775 181 3845 ᾇ.
211 3807 255 3821 -
283 3774 456 3846 demissior,
496 3775 616 3847 infimus
646 3773 907 3835 humillimus.
972 3775 1074 3837 astitit

109 3861 185 3921 euim
213 3869 244 3919 st
270 3873 339 3920 aute
366 3862 479 3919 dieitur
504 3861 656 3932 librarius,
685 3861 736 3935 qui
763 3859 911 3920 inutilium
944 3865 1072 3923 suumn
