2304 4320
120 298 206 377 5:54
256 293 573 359 ruuorurroues.
618 292 701 355 cur.
721 292 860 355 xtvrr.
884 297 917 373 s.
935 296 998 359 raa.

122 474 261 531 ousiarum
290 469 377 526 etiam
400 476 479 524 earet
507 465 633 537 videtin,
662 482 841 541 noequarn
868 468 1018 545 eleganter
1032 464 1077 523 ine
1138 467 1142 503 ¹

121 568 241 635 possent
263 554 398 613 Ciceroni
421 553 537 611 restitui
560 560 590 609 et
611 571 687 609 unua
711 561 749 607 att
773 572 893 611 ananei
917 554 1054 630 despiciat.
1139 555 1142 588 ¹

207 642 279 699 Cur.
302 636 418 697 xut’tt.
440 635 468 718 ξ.
498 640 563 695 tut.
606 656 651 693 ute
678 657 740 714 pro
765 637 832 694 itta
859 642 953 695 tenui
978 639 1081 710 infirnu-
1141 707 1142 711 Ἰ

122 748 178 807 pao
198 724 301 803 parte]
331 724 435 793 Marii,
455 721 585 791 Cinnae,
606 720 766 779 Carbonia.
798 722 939 780 Hotam.
985 722 1027 781 tta
1045 744 1082 801 pn

122 813 190 891 iiia]
214 812 242 869 id
266 822 327 880 eet,
349 828 402 884 pro
422 827 488 865 mea
509 809 561 865 illa
583 808 663 865 virili
684 818 794 882 parte,
821 828 885 884 pro
909 811 966 867 itta
987 828 1082 866 nermo

122 902 232 957 ririurn
253 895 424 953 infirmitate
445 905 531 968 etque
555 892 769 962 imbecillitate,
795 912 862 969 pro
880 914 1083 970 mearonopro

123 985 275 1043 tenuitate.
319 979 397 1037 Male
419 981 512 1048 enirn,
541 982 590 1053 qui
619 978 754 1034 referunt
776 980 823 1037 ad
849 979 965 1051 Marii,
994 979 1085 1047 Cinnae,

124 1069 266 1129 Carbonis
287 1077 393 1140 portet.
416 1063 549 1121 Laardin.
592 1062 732 1121 Fortunae
755 1062 813 1120 iric
840 1066 977 1123 verbum
997 1067 1085 1141 aliquod

123 1155 242 1213 excidit.
278 1152 426 1209 Gar-aton.
471 1148 596 1206 Verbum
615 1168 674 1205 non
696 1150 841 1218 excidit,
877 1153 911 1208 id
936 1152 1014 1228 quod
1032 1151 1084 1209 irin

124 1238 284 1297 docebitur.
325 1236 493 1292 Lambinum
515 1247 653 1310 sequutus
674 1244 718 1289 eat
742 1233 945 1294 Matthiaeue
968 1238 1085 1294 laudar'rt

125 1344 182 1401 que
204 1322 265 1381 Cio.
287 1322 323 1377 ed
345 1320 426 1377 Fam.
448 1320 483 1390 V,
505 1322 534 1376 2.
565 1336 598 1376 at
620 1322 666 1376 ita
684 1320 803 1392 fieret,
834 1342 900 1398 pro
925 1342 996 1382 urea
1021 1332 1083 1401 parta

125 1411 238 1467 ndiuoi.
281 1410 374 1474 (ruem
403 1408 466 1462 iure
493 1404 635 1461 refutarit
660 1402 909 1479 Steinmetziua,
939 1409 1034 1484 quod,
1055 1407 1084 1467 rii

124 1495 197 1551 iliud
220 1492 388 1568 siguificare
411 1492 552 1547 voluiruet
573 1490 691 1562 Cicero,
720 1501 809 1547 certe
842 1511 1019 1567 pronomen
1042 1512 1083 1551 rtet

125 1599 185 1637 uon
207 1580 360 1635 onriuiaset.
396 1575 456 1633 Cic.
468 1577 506 1633 ad
522 1574 602 1635 Fam.
616 1575 684 1647 XV,
704 1575 751 1633 ld.
775 1573 806 1657 §.
826 1579 861 1635 3.
893 1580 1028 1658 Aliquid
1043 1580 1084 1656 apii

117 1667 260 1741 sortasse
282 1683 336 1739 ego
363 1682 420 1739 pro
447 1681 530 1734 mea,
558 1671 591 1718 ta
617 1681 674 1739 pro
695 1671 768 1732 raa,
797 1682 864 1739 pro
894 1683 962 1722 sua
991 1667 1083 1744 quiqu

123 1761 214 1828 parte
228 1751 320 1823 ferre
341 1749 497 1825 potuisset.
520 1781 559 1792 -
592 1748 691 1819 Adde,
712 1747 792 1821 quod
816 1749 905 1806 idem
931 1750 1085 1808 Matthiaen

125 1839 199 1893 nraie
228 1836 344 1891 videtur
375 1835 536 1907 explicasse
565 1850 725 1906 pronomen
755 1832 835 1904 itta,
867 1854 988 1911 „quem
1012 1854 1083 1895 ounm

124 1926 262 1979 norunt.“
303 1919 398 1976 Verba
419 1921 507 1988 enim,
528 1919 605 1975 unde
628 1920 712 1992 petiit
731 1919 1037 1994 interpretationem,
1054 1922 1084 1998 pt

124 2026 169 2065 tae
192 2015 300 2063 norant
321 2007 439 2061 minime
461 2013 530 2060 aunt
552 2003 744 2080 intelligenda
765 2006 832 2063 sie:
867 2010 926 2083 qai
950 2028 1035 2066 meae
1051 2026 1084 2064 aa

125 2100 199 2149 runt
225 2093 306 2148 vireo
333 2090 591 2168 facultatemque,
621 2090 671 2146 red
700 2090 798 2164 potius
832 2094 888 2168 qui
921 2103 1082 2171 compertae

124 2176 244 2246 hadent,
267 2175 383 2253 qualern
404 2175 536 2253 equidem
557 2195 603 2232 ene
622 2175 814 2252 praebuerim
839 2185 924 2249 tam,
950 2200 1036 2257 qaam
1054 2178 1084 2234 di

125 2263 317 2319 laceraretur
337 2279 386 2318 rer
406 2260 538 2339 publica,
560 2261 589 2316 id
603 2261 680 2336 qnod
697 2279 734 2317 ex
756 2261 917 2334 prioribus
942 2267 1084 2321 luculenter

125 2358 262 2422 apparet:
285 2366 342 2404 non
356 2349 433 2404 enim
451 2365 567 2415 uereor,
589 2367 625 2404 ne
647 2347 711 2424 qaia
734 2345 873 2403 alienum
897 2370 951 2409 me
976 2353 1085 2408 anieron

126 2433 265 2491 tatano
287 2451 306 2488 a
324 2451 435 2489 coatia
456 2431 623 2490 nobilitatio
645 2433 807 2488 existimet.
840 2431 1086 2494 'l'enendaauten

125 2519 281 2577 veriorum
308 2537 363 2594 pro
395 2517 451 2574 iila
478 2529 532 2573 ete.
563 2519 784 2592 interpretatio,
821 2535 920 2592 quarn
955 2524 1087 2597 proposuit

126 2604 306 2663 scholiastes
320 2603 424 2659 Vetus:
445 2622 501 2680 pro
519 2601 675 2673 Mariana,
695 2622 751 2679 pro
774 2606 935 2678 equitibus
951 2608 1087 2665 tramam.

126 2689 352 2758 Steinmotaiua,
381 2691 431 2763 qui
459 2687 641 2745 scholiastae
671 2690 851 2759 assentitur,
884 2693 1089 2768 praepositioni

125 2778 187 2833 vim
209 2774 344 2833 attribuit
365 2777 516 2851 vulgarem
540 2776 638 2843 iiiam,
670 2791 726 2848 quo
749 2772 935 2834 Ciceronem
960 2799 1022 2836 non
1040 2781 1089 2834 sine

126 2871 292 2935 contemptu
313 2860 368 2918 hoo
391 2863 456 2919 loco
479 2861 514 2917 de
526 2859 666 2917 Marianis
687 2861 766 2933 loqui
788 2860 931 2932 patefiat.
964 2865 1091 2922 Noreia

127 2947 302 3021 respondere
324 2948 478 3003 statuimus
501 2956 601 3003 nostro
625 2965 664 3001 aa
688 2935 790 3011 Siara,
820 2947 867 3002 ita
890 2959 931 3003 nt
957 2951 1090 3006 sententia

126 3030 199 3087 haee
221 3034 281 3087 sit:
310 3051 355 3088 rna
377 3050 436 3088 non
460 3041 575 3088 tannem
597 3033 677 3087 illam
701 3041 829 3103 partem,
854 3034 910 3088 ted
938 3055 994 3093 eoa
1016 3036 1092 3109 potis·

126 3120 231 3173 sinuum
252 3117 423 3174 defendisse.
458 3117 564 3174 Verum
588 3128 684 3172 tamen
707 3119 901 3190 arrogantiae
928 3124 1046 3177 erimen
1064 3137 1092 3175 oe

126 3202 181 3259 sibi
205 3201 340 3271 afferret,
371 3203 500 3259 modeste
523 3222 592 3259 sone
615 3220 653 3257 ea·
671 3204 908 3276 circumscripsit
940 3206 978 3262 id
1000 3207 1095 3278 defea-

127 3288 224 3356 dieta,
252 3290 331 3342 atii
353 3298 410 3350 eto.
455 3286 564 3344 collide
595 3298 708 3356 autem,
738 3287 768 3342 id
797 3287 878 3359 quod
910 3290 1000 3368 fugit
1027 3294 1095 3346 viror

126 3373 245 3440 motos,
267 3370 446 3429 Scholiastes
470 3374 566 3429 verbis
595 3373 677 3429 tenni
706 3371 888 3448 infirmaque
921 3395 992 3433 non
1014 3379 1095 3434 solun

127 3458 257 3516 intimam
280 3455 479 3514 Marianorum
501 3459 627 3526 faecem,
654 3476 756 3513 rerum
778 3458 870 3513 etiam
894 3465 1024 3534 equitet
1045 3464 1095 3536 pie·

127 3544 224 3614 beios,
246 3545 278 3599 in
300 3561 373 3616 quoa
395 3562 493 3600 ornnes
516 3544 588 3599 duae
611 3541 642 3598 It.
665 3540 749 3598 Solia
770 3551 832 3598 tota
856 3550 1002 3606 saeviret
1024 3547 1097 3605 noii-

126 3631 211 3699 litas‚
233 3627 397 3707 significari
420 3628 580 3686 contendit.
624 3627 706 3684 Licet
728 3629 804 3684 enim
827 3641 940 3688 orator
966 3654 1033 3692 sese
1053 3651 1097 3689 no-

126 3716 247 3771 bilitatis
270 3715 360 3772 fuiuae
381 3714 626 3771 studiosissimum
646 3713 839 3781 asseruerit,
864 3723 976 3775 tamen
1003 3740 1041 3777 ex
1061 3734 1098 3773 se·

127 3800 281 3875 quantinus
311 3819 369 3857 non
401 3809 495 3875 potest
517 3817 576 3855 non
598 3801 783 3874 perspicuum
804 3817 889 3870 esse,
923 3807 1010 3881 (vid,
1031 3805 1099 3862 infre

129 3881 157 3965 §.
183 3885 257 3961 137)
284 3886 412 3943 eiusdem
435 3886 563 3943 animum
582 3895 661 3941 certe
688 3884 724 3942 ab
752 3884 903 3958 equitibus
928 3909 998 3950 non
1021 3893 1102 3949 iniere
