2304 4320
86 308 173 389 553
212 304 535 370 eunomianus,
578 304 802 369 cmxux
821 312 856 389 a.
873 314 944 371 na.
957 316 1016 377 m.

174 482 205 563 §.
232 482 299 541 143.
349 481 507 557 imperitue
534 478 661 557 morum}
693 478 751 537 Ed.
794 485 884 539 1480
922 487 1048 561 imperim

88 590 202 629 uturum
216 566 360 635 civilium,
373 566 450 639 quod
465 566 495 621 iu
507 567 566 622 aiia
578 568 657 621 nulia
672 564 819 624 editione
831 572 965 644 reperio,
975 590 1048 627 carun

89 657 222 733 quidem,
251 651 424 729 «praevidi,
456 650 533 707 iraud
555 670 646 725 parra
667 670 815 710 numero.
865 654 968 730 ltaque
987 660 1012 713 in
1029 676 1048 712 u

90 752 143 800 eut
164 744 195 797 in
216 742 284 795 aliie
305 740 392 793 otiam
414 736 540 793 eiusdem
562 738 646 804 aevi,
666 736 727 793 boc
751 739 856 796 ferme
880 742 1005 798 arbitror
1021 745 1047 797 b·

90 828 190 886 tuine.
226 826 319 898 Atque
330 821 402 878 iliud
416 821 549 879 civilium
567 842 603 878 ex
620 823 888 896 interpretatione
903 827 1046 902 obreptitie,

89 914 170 969 faciti
199 919 388 986 promptoque
414 906 522 963 iudicio
552 908 650 963 atatim
675 910 928 968 existimabitur.
970 913 1045 970 iam

91 1001 122 1055 in
143 996 199 1053 bac
221 997 346 1051 lectione
375 992 449 1049 nihii
471 1002 517 1048 eet
537 1002 596 1048 tam
623 1003 727 1050 nostro
754 1006 923 1054 contemtu
945 999 1043 1077 dignm,

91 1095 124 1139 ut
145 1082 279 1153 ampliari
299 1097 347 1135 ret
371 1078 567 1151 iudiciumque
595 1095 654 1133 non
676 1084 788 1152 potuit.
836 1081 905 1143 Cic,
930 1085 967 1141 de
988 1085 1040 1141 ote.

91 1168 115 1239 Ι,
132 1188 157 1224 o.
169 1169 220 1223 di.
244 1164 330 1235 Quae
352 1182 433 1220 more
455 1173 588 1237 aguntur
608 1164 827 1243 institutisque
850 1169 1001 1239 etodium,
1016 1184 1041 1224 et.

91 1263 199 1311 contro
220 1269 330 1307 morem
357 1249 651 1325 consuetudinemque
678 1251 817 1308 civilem.
867 1252 936 1310 Nec
958 1256 1042 1311 dubim

91 1351 154 1409 eat,
176 1339 261 1411 quin,
283 1336 327 1390 uti
349 1334 527 1391 consuetudo
550 1344 580 1389 et
601 1336 792 1407 institutum,
824 1341 873 1394 ita
897 1344 985 1397 etiam
1004 1360 1043 1396 nos

92 1425 189 1481 civitio
206 1422 329 1489 dicatur,
350 1429 378 1474 et
392 1420 462 1494 quin
483 1418 570 1475 homo
591 1423 718 1476 rusticus
741 1433 776 1477 et
791 1427 941 1501 agricola
960 1446 1045 1482 mama

91 1510 225 1565 civilium
252 1505 404 1580 imperitus
432 1507 539 1579 optime
567 1507 736 1579 appciietur.
791 1509 940 1568 Lambini
970 1530 1044 1587 margo

93 1596 168 1650 aiio·
189 1595 231 1648 nit
251 1594 350 1668 legero
377 1610 494 1661 rerum,
522 1592 572 1664 qui
594 1592 680 1646 etiam
708 1612 817 1649 rerum
843 1598 985 1654 civilium
1007 1615 1046 1653 nou

92 1679 217 1737 absurde
249 1680 348 1752 tegere
383 1685 508 1750 possent.
553 1674 611 1731 Sed
639 1678 760 1750 quinam
790 1677 823 1734 bi
860 1684 946 1753 sint,
977 1682 1047 1738 adim

92 1768 210 1842 ignoro.
245 1762 394 1819 Garatom
438 1760 511 1817 iliud
533 1760 665 1817 civilium
693 1766 767 1836 quin
797 1783 859 1838 pro
896 1770 1048 1845 interpreta-

93 1860 191 1907 mento
213 1849 253 1904 ait
274 1847 453 1915 habendum,
475 1847 608 1920 equidem
630 1865 690 1903 nou
711 1847 828 1906 dubito.
859 1888 904 1897 —

179 1938 208 2009 ξ.
235 1936 304 1991 lid.
348 1933 496 1990 Annuium
526 1933 562 1990 dc
589 1932 682 2007 digito
710 1950 800 1991 cuum
832 1938 898 1994 tibi
930 1937 1047 2016 tradidit]

95 2018 146 2078 Sic
166 2038 244 2075 riunc
271 2021 384 2075 rentitui
413 2021 576 2075 coniectum
602 2018 705 2074 ductus
726 2020 772 2077 ita
795 2036 887 2081 certa
911 2038 942 2082 et
963 2038 1047 2101 aperti,

93 2117 128 2163 ut
149 2107 290 2161 neminem
313 2123 370 2159 non
391 2104 618 2159 indoctissimum
646 2123 707 2159 eam
735 2106 983 2180 improbaturum
1001 2128 1048 2166 coo

93 2191 189 2247 fidam.
245 2188 346 2246 Doctia
380 2189 493 2263 quidem
523 2189 634 2262 aliquot
663 2191 751 2259 virio,
792 2195 979 2265 quibuscum
1008 2214 1048 2251 eru

96 2276 319 2343 communicavi,
351 2275 465 2347 probari
493 2276 567 2341 scio;
603 2275 633 2329 iu
663 2275 699 2330 iia
726 2273 851 2334 Renato
884 2278 1047 2348 Baimotacq

94 2364 144 2417 cui
170 2362 241 2416 item
262 2361 353 2415 muita
374 2372 458 2427 ante,
488 2377 574 2433 quam
595 2357 682 2428 mibi,
710 2375 841 2420 venerat
875 2368 910 2421 in
932 2370 1047 2423 'meuten

94 2458 128 2502 ut
150 2464 187 2500 ex
209 2462 242 2499 eo
264 2446 396 2519 cognovi.
446 2444 524 2500 Licet
553 2446 638 2499 etiam
667 2446 763 2522 legere
793 2451 1006 2530 annulumque
1026 2450 1047 2504 dt

95 2531 190 2606 digito
212 2547 265 2585 ruo
288 2528 344 2584 tibi
365 2528 505 2584 tradidit.
551 2528 682 2587 Lambin.
733 2528 796 2587 Hic
829 2532 905 2592 MSi
936 2538 1046 2595 hactenus

95 2617 291 2688 editioneeque
312 2625 433 2685 veteres,
456 2617 480 2671 ai
503 2614 655 2691 diiigenter
676 2617 831 2688 inspectae
852 2620 986 2694 fuerint,
1004 2632 1048 2677 suat

94 2712 172 2757 certe
193 2710 356 2772 corruptae.
393 2697 493 2774 Neque
513 2702 588 2756 enim
610 2700 758 2757 eommoda
782 2704 850 2761 ulia
876 2710 1049 2783 expiieotiom

96 2786 167 2842 iilud
190 2804 221 2840 oe
243 2803 328 2840 auum
351 2784 450 2840 donari
472 2798 574 2859 potest.
617 2783 743 2854 Silvius,
770 2790 824 2860 qui
846 2801 952 2849 tamen
974 2791 1049 2850 laudr-

95 2880 173 2927 toreo
194 2872 321 2940 invenit,
350 2872 503 2948 imaginem
531 2873 637 2941 annulo
657 2872 839 2944 insculptam
867 2876 973 2934 Roscii
991 2882 1050 2951 putat

95 2950 265 3032 aignificori.
316 2958 380 3022 Qua
407 2956 477 3028 quid
507 2967 601 3029 potest
630 2974 706 3024 eme,
740 2974 780 3011 ne
804 2966 942 3035 gravius
971 2965 1048 3023 dicam

95 3040 178 3096 verbi
199 3042 387 3116 ambiguitate
408 3039 610 3097 inveniretiuai
648 3041 836 3118 Verburgius
863 3051 999 3105 emendat
1016 3060 1049 3101 rut

96 3140 181 3179 cuum
203 3144 307 3202 magna
329 3124 510 3183 confidentia.
553 3128 645 3193 Quam
667 3124 721 3181 hoc
742 3129 784 3182 ait
799 3126 969 3206 Latinum,
990 3134 1049 3188 mitto

92 3226 241 3283 quaerere.
292 3209 366 3267 iliud
399 3210 479 3282 dieo,
513 3229 563 3267 rua
593 3221 659 3285 poet
687 3213 833 3270 vestitum
871 3231 905 3275 et
939 3219 1050 3276 annutun

95 3294 169 3350 tatia
197 3295 344 3367 imperite,
375 3295 480 3350 nedum
507 3313 608 3369 parum
636 3296 781 3366 oratorie,
812 3303 974 3360 collocari.
1011 3296 1051 3354 set

94 3379 218 3455 insignia
241 3388 284 3433 eet
299 3378 429 3435 Lambini
443 3381 603 3457 emendatio
624 3383 738 3453 acrique
762 3381 801 3438 ab
826 3387 958 3466 ingenio
973 3381 1050 3444 suuni

94 3465 154 3520 riri
175 3462 312 3537 profecta.
354 3464 439 3530 Quod
460 3467 486 3520 si
507 3483 563 3539 qua
585 3477 663 3522 certo
684 3483 744 3520 esee
768 3479 878 3541 potest
903 3470 1050 3530 emendatio

95 3545 165 3603 baec
197 3549 253 3604 crit
281 3549 448 3604 certissima.
504 3548 579 3606 Nam
611 3553 641 3606 in
673 3568 707 3606 eo
735 3554 898 3626 scriptura
930 3559 1007 3616 dedit
1030 3568 1050 3606 ot

95 3650 181 3690 auum
202 3633 257 3690 boc
278 3634 352 3688 ineat
374 3644 471 3706 aperte
492 3635 529 3691 dc
552 3636 614 3692 dito
636 3652 729 3693 cuum.
775 3634 997 3701 Praetermitto
1014 3639 1052 3716 ἱεῖ-

95 3727 146 3774 tur
169 3720 200 3774 iu
226 3718 322 3775 medio
347 3719 427 3775 vocis
449 3721 560 3794 ayiiabo
587 3740 646 3778 una
674 3719 746 3790 suit,
783 3727 874 3796 quod
898 3749 959 3788 non
979 3738 1016 3784 est
1032 3724 1051 3778 in

95 3802 241 3859 codicibus
270 3813 347 3859 certe
374 3821 490 3860 novum.
530 3804 681 3863 innumera
706 3805 762 3862 boc
786 3813 915 3873 maiora
944 3826 1050 3886 compu-

95 3885 144 3942 dia
164 3889 363 3961 reperiuntur,
383 3889 481 3964 plurae
501 3908 586 3966 saepe
607 3893 713 3949 omitte
733 3890 878 3956 fuerunt.
927 3900 1053 3958 Pacoro
