2304 4320
88 312 174 389 288
224 307 550 374 tumultuosus,
591 308 677 371 cst.
688 308 845 373 XXXV.
869 314 979 390 §.lod

89 490 143 547 bus
172 484 306 562 probavit
336 484 524 557 sententiam,
568 484 727 563 vulgatam
760 486 809 543 sie
846 488 929 545 tueri
952 488 1042 547 staltis

91 590 208 649 „quam
228 569 339 627 Romae
366 570 422 626 aiot
444 568 549 626 delerri
575 570 658 642 vult,
687 571 790 629 trium
825 572 950 632 illorum
973 572 1042 631 luna

91 678 157 717 ram
185 656 363 732 possessione
398 655 586 713 condemnato
615 650 714 713 Sexto
754 656 927 715 firniats.“
972 658 1042 715 letes

90 745 238 801 enimvero
267 739 417 797 considera
445 741 569 797 cratoris
598 742 916 819 argumentationem.
962 742 1042 801 l’cstto

92 846 179 906 quam
201 824 302 883 Cicero
330 827 360 901 ἦ.
378 826 429 882 uu.
458 825 649 900 suspicionem
679 828 807 897 morit,
848 830 944 886 ctiam
962 827 1041 904 Capite

91 933 176 982 nem,
197 921 298 985 utpote
319 910 369 984 qui
391 908 502 967 dederit
523 910 690 983 consilium,
716 912 828 970 caedis
842 911 1040 972 Sextismecst

92 997 278 1076 participem,
308 1012 370 1051 sese
398 1004 545 1070 praeterea
573 994 674 1051 audire
701 995 815 1069 addit,
854 1002 974 1057 minime
995 1016 1040 1056 aust

93 1087 217 1161 primum
239 1079 274 1137 ab
296 1091 386 1137 semet
407 1082 470 1155 ipso
490 1078 565 1136 lrsno
585 1081 616 1136 iu
633 1098 700 1137 eum
719 1082 865 1141 conferri
880 1085 1039 1161 suspiciones

92 1166 169 1238 Quid
192 1162 289 1222 enimi
312 1166 354 1221 sic
375 1166 455 1241 loqui
476 1163 620 1236 homines,
642 1166 758 1223 multas
781 1170 857 1226 eius
882 1169 1039 1227 esseinfsss

91 1255 211 1330 pslmss.
254 1247 352 1318 Quidi
383 1268 420 1307 ex
446 1248 491 1306 lris
519 1250 620 1325 palmis
647 1267 742 1326 quum
772 1253 877 1312 iidem
904 1255 974 1313 illud
992 1254 1039 1311 ed·

91 1349 180 1418 gant,
201 1336 290 1392 etiam
311 1335 406 1391 caedis
428 1332 583 1393 Sextisnae
601 1334 778 1410 Capitonem
805 1358 878 1397 esse
901 1342 1038 1399 non'mts

91 1436 168 1494 tem,
191 1429 268 1477 certe
288 1421 406 1477 nonnisi
428 1420 463 1477 de
484 1422 546 1477 eius
567 1419 685 1499 flagitiis
710 1440 765 1480 eae
789 1436 928 1500 possunt
943 1424 1038 1503 intellig'

92 1517 194 1582 utpote
216 1524 286 1581 quas
308 1505 441 1563 caedibus
462 1505 621 1565 infelicium
649 1505 783 1566 feliciter
815 1510 912 1569 factis
932 1512 979 1569 ille
994 1528 1037 1567 sta

92 1611 143 1670 per
164 1592 267 1649 solitus
288 1593 328 1649 sit
348 1602 505 1666 reportare.
552 1589 649 1649 Petita
676 1603 781 1650 autem
815 1596 925 1676 imago
951 1596 1038 1675 cipli

92 1677 252 1736 distorilius
274 1687 335 1748 est,
365 1677 467 1750 quihus
489 1677 525 1734 ob
547 1694 674 1755 pugnam
701 1678 946 1752 pulcherrimam
965 1698 1039 1761 pugu-

90 1774 151 1823 tam
173 1763 296 1837 palmam
318 1761 425 1823 donate
446 1763 578 1820 solelsaut
600 1761 734 1821 Romani.
768 1764 813 1822 cf.
839 1766 909 1827 [ἰν.
922 1766 964 1826 Χ.
982 1765 1038 1826 cll.

91 1848 202 1906 Eodem
224 1866 303 1906 aneto
324 1850 462 1904 coronati
477 1849 609 1926 primast
631 1846 665 1904 ob
685 1867 739 1909 res
762 1848 851 1909 bello
874 1852 952 1912 deses
969 1860 1037 1932 gstlt

91 1934 177 1992 ludos
199 1931 348 1990 Romanae
376 1943 605 2011 spectaverant,
628 1932 825 2013 palatosque
856 1946 926 1996 tuse
943 1942 1035 2020 prist!

92 2017 245 2078 translato
268 2039 283 2078 e
301 2017 435 2076 Graecia
456 2039 537 2077 more
558 2019 723 2076 victoribus
743 2021 859 2082 datae.
907 2023 1034 2100 Unuept

91 2126 167 2164 mam
190 2105 248 2160 dici
269 2115 389 2179 apparet
415 2123 467 2179 pro
489 2107 613 2163 victoria
640 2104 837 2184 gladiatoris,
871 2109 903 2172 li.
926 2131 951 2169 e.
976 2108 1033 2168 cselt

91 2190 136 2248 ct.
167 2208 219 2265 pro
247 2189 332 2246 Rosc.
354 2191 388 2246 Α.
417 2209 441 2246 c.
463 2191 491 2246 6.
522 2188 549 2271 §.
575 2192 620 2248 lt.
643 2189 863 2269 plurimas-ass
894 2196 1033 2275 palm

90 2285 177 2334 oetas
199 2293 237 2331 ac
258 2274 365 2332 nobilia
385 2274 550 2352 gladiator.
594 2275 663 2351 Cap.
683 2277 735 2333 uu.
765 2275 797 2360 ᾗ.
813 2281 869 2337 84.
896 2283 980 2341 aliae
995 2298 1033 2361 pst

90 2380 147 2440 pue
169 2377 241 2418 sace
258 2360 381 2438 palmas
403 2371 567 2437 cognoscet.
611 2359 825 2437 Philippum,
856 2386 887 2424 c.
914 2369 944 2426 6.
971 2366 1033 2450 pil.

90 2445 189 2504 Secta
205 2445 313 2524 palma
336 2445 454 2503 urbana
475 2448 567 2504 etiarn
588 2448 621 2504 in
640 2445 824 2522 gladiatore
854 2451 1000 2528 difficilis
1013 2482 1032 2495 ·

91 2534 172 2601 Quae
194 2548 282 2607 quum
303 2532 346 2588 ita
367 2533 442 2603 sint,
474 2532 543 2589 item
571 2531 640 2591 haec
668 2534 761 2606 prima
793 2536 978 2597 lemniecsts
993 2554 1033 2595 att

89 2619 148 2675 niai
170 2616 208 2675 ad
228 2615 343 2674 caedem
365 2614 450 2674 Sexti
471 2616 570 2674 Roscii
597 2627 692 2692 potest
718 2617 837 2677 referri.
889 2624 976 2682 Unde
993 2640 1031 2681 cte

90 2704 261 2773 sectarium,
289 2720 381 2777 neque
410 2721 475 2759 cum
497 2702 656 2760 Garatonio
678 2711 707 2759 et
727 2700 880 2766 Ernestio
905 2712 967 2790 legi
984 2722 1033 2785 pte

90 2807 167 2867 psat
189 2785 284 2844 Roma
306 2787 335 2845 d.
356 2789 402 2846 vel
424 2786 519 2845 Roma
541 2789 570 2846 ei
590 2787 635 2857 d.,
668 2797 824 2862 propterea
849 2795 939 2870 quod
963 2794 1033 2855 vesle

88 2892 154 2931 rum
176 2885 238 2931 tum
259 2875 401 2930 sententia
421 2872 567 2951 flagitaret
588 2871 693 2930 delata
711 2874 770 2945 eit,
794 2876 829 2933 id
844 2881 932 2954 quod
947 2877 1033 2938 nam

89 2961 148 3016 iam
176 2958 266 3031 vidit,
299 2976 392 3034 neque
419 2956 607 3015 Matthiaeum
635 2959 787 3034 vulgatam
823 2967 907 3022 satis
935 2972 1033 3023 accur*

90 3046 264 3119 explicasse,
298 3061 385 3118 quum
414 3060 568 3118 sanequam
596 3041 750 3101 absurdum
781 3044 887 3122 foret,
927 3054 953 3109 si
978 3050 1033 3110 vella

89 3139 217 3204 perstare
238 3131 268 3185 in
289 3128 349 3187 liis:
379 3147 465 3204 quam
486 3129 626 3202 palmam,
654 3126 682 3187 h.
703 3146 728 3186 e.
750 3146 845 3204 quam
871 3136 988 3195 caedem
1003 3131 1034 3190 sl'

90 3211 199 3270 Romae
221 3213 325 3270 deferri
346 3217 418 3273 vult.
463 3210 520 3270 Sed
548 3225 644 3270 tamen
667 3210 722 3269 hoc
743 3226 891 3278 nostrum
912 3218 1034 3298 mpcndt

90 3298 134 3354 bit
155 3295 307 3355 ridiculum
326 3319 387 3356 esse
401 3309 618 3378 argumentum,
641 3315 729 3373 quum
744 3310 924 3380 oratorem,
947 3306 1036 3385 utigr·

88 3402 149 3440 ram
172 3397 300 3440 servaret
320 3384 498 3456 inchoatum,
522 3384 609 3440 verba
630 3399 708 3461 puae
729 3416 772 3429 —
796 3387 975 3460 deferatur
991 3388 1036 3449 κέν

88 3471 178 3543 puisse
192 3467 375 3526 manifestum
393 3472 432 3527 ait
454 3488 505 3544 pro
528 3487 606 3546 quae
625 3468 729 3526 caedit
744 3465 937 3538 Sestianae
953 3476 1037 3559 pslst

89 3554 166 3621 Quid
187 3553 280 3632 igitur
301 3551 364 3610 esti
387 3556 445 3612 viri
459 3554 618 3611 doctissimi
633 3573 702 3611 num
716 3557 904 3622 accedemus
918 3554 1037 3642 opinisdl

88 3636 214 3696 Minime.
257 3637 374 3695 Etenim
396 3641 422 3694 si
443 3637 593 3715 Capitonis
620 3638 760 3697 maleficia
791 3659 926 3723 propter
946 3645 1039 3709 insecti·

87 3723 176 3780 bilcm>
199 3724 325 3782 hominis
353 3723 502 3780 occidendi
530 3725 700 3782 facilitatem
730 3727 854 3800 palmae
888 3736 1039 3799 dicebantur,

87 3807 131 3864 itu
152 3820 185 3865 ut
206 3812 293 3868 etiam
314 3809 414 3866 caedes
437 3805 522 3865 Sexti
543 3807 645 3867 Roscii
672 3808 729 3867 hoc
757 3818 895 3878 nomine·
915 3824 973 3882 iam
990 3825 1041 3877 end

86 3888 242 3972 insignita,
271 3896 447 3972 priusquam·
464 3895 496 3951 iu
523 3894 662 3953 iudicium
688 3910 860 3962 sommae
888 3907 987 3985 iilius,
1011 3918 1042 3982 t!
