2304 4320
100 274 139 323 Vl

68 514 73 521 ,
100 430 310 509 commodae
330 431 538 533 investigari
556 431 672 530 possit
691 430 903 529 scripturae,
927 460 948 506 a
966 437 1064 533 prio·

91 570 199 645 ribus
214 568 421 644 exhaustum
436 595 515 643 esse
527 578 652 665 putant
665 568 933 667 interpretibus.
962 572 1064 663 Quo·

98 734 178 780 rum
209 707 321 806 igitur
345 705 391 777 ad
416 705 601 778 arbitrium
625 730 735 803 quum
759 704 951 779 voluissem
976 733 1064 805 ope·

98 866 175 913 ram
197 838 467 915 accommodare
485 865 622 931 meam,
642 864 715 910 non
733 840 810 912 sine
831 868 962 942 magno
980 869 1062 917 meo

96 978 231 1051 factum
257 986 312 1049 est
337 974 478 1069 dolore,
506 985 546 1049 ut
572 971 735 1049 codicum
759 1002 887 1050 reeens
913 977 1062 1050 collato·

95 1139 176 1185 rum
207 1112 340 1184 frustra
373 1106 583 1210 quaererem
615 1110 794 1208 subsidiu5
829 1114 948 1212 itaque
979 1116 1062 1187 misi

94 1272 195 1343 rem3
218 1249 419 1348 conquievi.
453 1248 693 1321 Pertractatio
710 1257 827 1320 autem
844 1247 948 1321 buius
965 1248 1059 1325 Ora-

94 1384 203 1458 tionis
228 1382 352 1457 sedulo
379 1383 547 1482 deinceps
578 1386 738 1456 instituta
769 1409 843 1456 non
873 1385 922 1454 ita
946 1384 1059 1458 multo

93 1531 179 1619 post
203 1547 260 1595 me
282 1520 438 1614 edocuit,
465 1546 556 1619 quae
583 1531 620 1595 et
640 1529 772 1618 quanta
797 1544 843 1592 ex
866 1518 968 1591 libris
987 1522 1060 1593 iam

93 1655 235 1754 pridem
251 1658 330 1731 scre
343 1656 556 1755 posthabitis
574 1654 619 1729 ad
636 1656 788 1728 oratoris
809 1654 919 1729 verba
936 1657 1059 1729 afferri

92 1803 242 1891 possent
268 1804 344 1867 tum
376 1791 596 1868 emendanda
619 1802 695 1865 tum
719 1793 852 1864 rectius
881 1792 1058 1889 interpre-

92 1927 219 2026 tanda;
254 1931 407 2005 accessit
431 1908 544 2002 etiamx
563 1925 670 2020 illud,
699 1928 796 2027 quod
820 1927 941 2000 multis
965 1929 1054 2002 locis

91 2063 313 2145 (irationem¹
327 2075 532 2163 corruptam
554 2091 632 2140 esse
652 2062 817 2137 videbam
843 2066 1059 2138 coniecturis

90 2209 225 2275 temere
246 2203 369 2277 illatis.
403 2201 576 2300 Plerique
599 2202 694 2274 enim
718 2210 879 2273 veterum
903 2203 1053 2297 scripto·

89 2365 169 2411 rum
191 2336 367 2431 editores,
390 2337 519 2437 quibus
536 2338 686 2436 contigit
708 2334 853 2409 codices
877 2336 1056 2434 inspicere

89 2474 248 2553 nondum
277 2473 413 2575 publici
441 2474 528 2545 iuris
559 2474 695 2566 factos,
728 2498 875 2545 munere
905 2497 970 2544 sno
1003 2473 1057 2545 ita

90 2612 188 2685 soliti
213 2620 296 2684 sunt
320 2610 437 2710 fungi,
464 2620 504 2681 ut
526 2611 601 2682 suis
621 2610 734 2708 copiis
761 2609 950 2709 plurimum
973 2635 1057 2683 esse

90 2749 311 2822 auctoritatis
343 2773 480 2821 summo
499 2744 681 2820 varderent
715 2744 832 2819 studio
870 2749 1052 2822 evincere.

91 2886 191 2979 Quin
210 2884 301 2960 adeo
323 2883 426 2959 multi
440 2881 588 2961 editoris
611 2908 739 2955 munus
760 2884 829 2955 sibi
849 2885 1055 2981 impositum

90 3020 185 3101 esse'
203 3023 339 3121 opinati
369 3030 471 3115 suut,
509 3018 573 3092 ubi
604 3018 663 3092 rel
694 3020 841 3092 fortuito
871 3022 910 3093 in
940 3020 1055 3093 libros

87 3160 228 3259 aliquos
247 3156 448 3232 inciderunt
468 3154 626 3229 nondum
640 3154 680 3227 in
700 3154 816 3229 lucem
833 3167 1052 3254 protractos.

89 3297 174 3389 Quo
200 3298 426 3386 factumest,
453 3302 495 3365 ut
512 3290 731 3391 reliquorum
755 3292 928 3365 librorum
946 3292 1054 3364 vesti·

88 3435 159 3535 giis
192 3433 270 3507 sine
294 3432 367 3505 ulla
396 3428 628 3502 haesitatione
659 3427 859 3526 repudiatis·
881 3454 1055 3501 summam

42 3614 45 3619 ·
87 3570 157 3645 sibi
181 3568 387 3642 riderentur
411 3565 597 3640 utilitatem
628 3566 863 3665 scriptoribus
891 3565 1054 3638 attulisse

86 3717 125 3781 et
154 3733 300 3780 suorum
333 3704 508 3778 librorum
539 3704 724 3801 scripturis
759 3713 796 3776 et
827 3704 883 3773 sui
917 3703 1054 3801 ingenii

87 3843 297 3918 commentis
330 3841 370 3915 in
403 3853 587 3918 auctorum
619 3839 731 3917 verba
768 3837 892 3913 illatis.
944 3835 1054 3910 Unde
