2280 4328
314 292 467 357 :rarus
488 294 771 361 acuonusrns.
959 292 1037 371 11⁷

67 488 141 527 vero
161 470 192 524 in
213 466 268 525 bao
287 466 409 526 civitate
428 485 487 523 non
508 467 593 525 modo
617 467 788 549 ignoaeenrii
815 469 891 527 ratio
919 469 1033 527 aubiata

66 567 128 628 eat,
159 552 211 610 aeri
232 555 320 610 etiam
341 536 533 627 adgnoaoanrii
552 548 591 634 ¹).

153 639 181 711 ᾗ.
203 642 234 695 4.
277 637 401 695 Accedit
423 637 479 693 iiio
501 640 625 717 cauare)
649 640 838 715 Anadipiosia.

154 722 244 794 Quod
264 742 284 779 o
306 732 417 781 aerem
435 725 592 799 forsitan)
624 724 656 781 Si
679 726 744 798 quia
770 727 879 781 amicus
905 732 986 797 petat
1011 742 1030 783 a

65 831 111 867 nae
135 809 310 865 defensionis
337 807 477 875 officium,
513 810 537 863 si
568 810 753 881 praestitero,
787 808 875 866 iroireo
904 808 1030 883 gratiam

63 898 149 954 sairo
170 893 326 971 obicio²)3
355 894 379 948 ri
401 894 536 963 noluero,
563 892 653 950 babeo
681 893 804 950 officium
834 894 945 950 salvum
968 893 1030 947 aina

65 982 179 1060 gratia3
216 998 304 1056 ergo,
337 992 432 1036 utrum
458 980 560 1047 veiim,
595 982 623 1034 iu
647 991 788 1053 potestate
811 998 872 1035 mea
894 988 945 1033 eat.
994 974 1031 1034 Si

64 1067 131 1140 quia
159 1082 230 1122 ‘aero
258 1062 349 1120 frater
377 1065 507 1136 petierit,
540 1080 711 1138 qrraoupuom
731 1064 763 1138 ³)
786 1076 902 1137 propter
928 1072 1029 1136 poten·

63 1154 136 1207 tiam
157 1168 237 1205 arram
250 1145 282 1227 ⁴)
306 1148 387 1203 Sutia
405 1150 476 1203 satis
495 1149 665 1218 timebatur,
697 1161 790 1205 tamen
814 1146 976 1203 omnimodo
995 1145 1028 1221 ⁸)

64 1236 158 1291 frater
173 1246 232 1304 est,
254 1235 302 1289 oui
317 1232 516 1306 praestantium
532 1244 586 1295 eat.
628 1232 785 1289 Possunrus
797 1229 828 1315 6)
847 1232 893 1289 bio
917 1232 1026 1289 dicere:

63 1323 97 1377 in
126 1329 269 1393 potestate
297 1316 449 1387 habemur,
486 1330 582 1374 utrum
616 1320 738 1376 velimus
768 1337 804 1375 an
833 1313 977 1374 ooiimuai
995 1314 1027 1393 ⁷)

63 1404 241 1461 (inanimatio
262 1420 377 1459 neeesse
398 1413 442 1456 est
463 1404 546 1459 reite.
589 1405 612 1459 Α
633 1406 735 1460 noteris
755 1423 823 1480 ergo
842 1405 885 1458 sio
904 1403 1028 1477 petitum

62 1504 125 1561 eat,
149 1498 182 1545 ut
205 1490 235 1545 in
257 1498 399 1563 potestate
420 1486 557 1559 habeant,
580 1501 678 1545 utrum
694 1490 801 1563 veiint3
830 1506 911 1545 orne
931 1499 1026 1544 autem

55 1573 94 1631 -bi
117 1575 291 1649 petiverunt·
307 1613 314 1631 .
331 1567 373 1653 ⁸).
386 1606 426 1617 -

151 1656 223 1715 Cas.
236 1657 271 1716 ll.
294 1661 323 1733 ἦ.
340 1658 370 1716 5.
413 1653 548 1714 Maximo
570 1653 705 1733 ingenio]
729 1654 880 1715 Messalam
902 1657 1027 1714 maxime

55 1744 246 1823 signiboant,
267 1744 349 1799 ouius
372 1744 497 1798 maxime
511 1746 542 1816 ⁹)
564 1754 680 1799 exstant
701 1744 854 1800 orationes.

151 1826 295 1885 bbrsitoa
316 1826 486 1906 quaeratis]
516 1826 702 1884 Particularia
730 1830 861 1885 narratio
890 1829 954 1885 iooo
973 1822 1026 1902 Η’)

60 1915 271 1991 principiorum
292 1915 379 1969 eadit.
422 1912 573 1969 Narranria
594 1931 694 1969 caussa
718 1913 821 1970 fuemt.
865 1912 1027 1968 Admirabi-

59 2002 132 2057 litoa
161 2018 273 2055 ruarmo
299 1998 410 2067 fuerat,
456 2000 523 2073 quia
557 2000 654 2054 uubus
683 2000 758 2054 aiter
785 2008 849 2054 erat
877 1996 1026 2067 ‹ieieuaor3

60 2103 154 2159 qrraro
175 2085 271 2139 nuilus
291 2085 365 2139 aiter
386 2080 436 2155 ¹¹)
459 2085 595 2151 aoeesait3
630 2094 660 2139 et
680 2079 728 2165 ¹²)
758 2084 826 2157 quia
854 2102 1027 2157 praeparan-

61 2172 118 2225 aiua
146 2182 191 2225 eat
217 2169 305 2225 iudex
335 2171 364 2223 io
393 2169 538 2245 principio
566 2169 745 2245 benignitate
767 2180 796 2224 et
817 2168 1026 2227 benevolentia.

61 2253 189 2313 causaue
210 2273 280 2309 vero
302 2254 425 2308 redditio
449 2254 630 2327 particularis
651 2254 780 2311 narratio
802 2264 856 2317 ert.

150 2338 237 2408 Quare
260 2338 316 2417 tot]
339 2356 376 2394 ex
397 2356 525 2394 narrarem.

149 2423 196 2482 Aa
216 2424 295 2481 tuias
316 2420 411 2500 viror]
433 2441 469 2480 ex
491 2442 622 2497 perrona.

108 2536 111 2541 ·
149 2513 180 2585 ἦ.
202 2512 232 2567 6.
275 2509 361 2581 Quae
383 2526 434 2565 rsa
455 2528 492 2565 eo
515 2508 591 2589 eati]
624 2507 682 2566 Hie
708 2528 767 2568 non
795 2510 925 2569 narratio
952 2511 1026 2567 inei*

58 2599 122 2672 pit,
144 2595 194 2651 aed
217 2605 260 2651 est
282 2595 420 2667 quantam
444 2596 600 2651 excusatio.

10 2759 12 2765 Ι
31 2718 34 2723 ·
148 2679 182 2738 L.
197 2678 299 2758 Solio]
322 2680 414 2737 Debet
427 2698 542 2737 terrare
560 2680 746 2759 dignitatem
769 2692 814 2739 eat
828 2682 903 2738 enim
921 2700 1027 2760 magno

55 2784 191 2843 perrona.

150 2848 390 2929 Potentissimua]
405 2850 470 2906 ideo
486 2848 534 2905 bio
549 2848 640 2921 effert,
656 2861 690 2907 at
706 2850 819 2921 eiudat3
841 2850 906 2906 irieo
920 2850 1026 2908 ariieoit

59 2948 163 3011 posteo
187 2936 351 2993 Cornelius.
396 2936 459 2991 iioo
480 2935 554 2991 dixit
578 2937 722 3008 irrisione,
743 2937 876 3011 quia¹³)
898 2936 1027 2993 libertini

58 3020 192 3079 bonainoa
210 3024 380 3097 interposito
400 3021 489 3077 ferme
510 3031 697 3093 patronorum
716 3022 833 3078 nomine
854 3022 1027 3100 gloriantur.

130 3136 156 3203 i)
176 3135 331 3207 ipuoseeurii
341 3165 376 3175 —
391 3164 420 3174 —
440 3151 515 3205 capa.
530 3133 593 3184 Seb.
609 3133 657 3184 0r.
676 3163 706 3173 -
725 3152 801 3217 copo.
823 3166 853 3175 -
875 3166 904 3174 -
924 3136 1026 3207 ipaoae.

58 3204 144 3257 (iren.
163 3204 211 3255 Gr.
226 3204 305 3255 Vorb.
343 3203 373 3267 9)
389 3204 515 3275 pratiatur.
528 3203 551 3252 S
557 3202 637 3253 alvo
651 3219 666 3251 o
683 3203 788 3271 sino]
803 3205 831 3253 si
840 3204 960 3254 noluero.
976 3203 1025 3258 Or.

57 3270 88 3335 ὅ)
107 3274 153 3324 ste
172 3274 204 3323 ale
223 3272 286 3323 Seb.
301 3275 371 3322 oooi.
387 3300 421 3311 -
443 3270 525 3338 Voig.
544 3272 618 3342 paria.
673 3276 687 3334 )
709 3271 753 3321 Sia
774 3275 806 3321 de
826 3272 888 3323 Seb.
908 3271 977 3323 toni.
993 3300 1024 3313 -··

56 3340 142 3409 vaip.
162 3341 216 3391 rui.
250 3338 280 3403 b)
298 3350 385 3390 tanen
396 3342 438 3409 fr.
458 3348 511 3397 eat,
537 3340 584 3388 eui
598 3338 748 3389 omnimodo
761 3349 861 3407 praest.
880 3348 927 3391 eat.
953 3340 1024 3390 eoai.

57 3408 124 3463 Seb.
153 3405 182 3469 (i)
202 3426 256 3458 non
272 3426 410 3477 possumus
426 3408 496 3459 eoni.
516 3406 580 3457 Seb.
597 3423 651 3456 reo.
670 3406 719 3457 Or.
753 3406 782 3469 7)
800 3407 882 3475 Vnig.
898 3406 1024 3463 aoliaaara.

55 3476 88 3535 ii)
105 3477 189 3527 addar
219 3478 269 3547 qui
291 3474 366 3547 optari
387 3494 428 3525 ane
451 3483 478 3529 et
501 3475 621 3523 asnieitr'n
643 3482 669 3524 et
689 3474 822 3541 Beneficiis
845 3484 873 3527 et
892 3474 1027 3549 da'puitata

54 3546 206 3617 plurimam
219 3552 340 3615 proarrrut.
375 3543 411 3608 9)
427 3544 544 3594 saumana
558 3559 612 3593 ana.
632 3542 695 3592 Seb.
713 3540 757 3597 br,
794 3542 846 3609 10)
862 3544 944 3610 Vuig.
963 3560 1025 3594 aar·

55 3614 138 3669 ratio.
156 3612 237 3662 Loro.
273 3612 374 3662 Deinde
394 3614 450 3661 Ioco
465 3611 659 3681 principiorem
678 3610 751 3661 eariit
766 3611 786 3661 i'.
806 3630 829 3663 e.
849 3611 944 3679 incipit
961 3610 1025 3665 aeri-

54 3684 170 3753 painarra.
200 3680 263 3733 vid.
283 3680 372 3730 Seboi.
390 3682 425 3729 orl
441 3680 463 3747 ξ.
478 3676 530 3730 (tte
554 3678 650 3729 oceidit
671 3679 743 3733 iomar
760 3680 914 3731 cornorum).
950 3676 1024 3727 Prin·

54 3750 126 3819 oipia
146 3766 276 3817 quaenam
299 3748 414 3815 intelligi
436 3748 499 3796 vetit
518 3746 627 3807 Sobob,
655 3748 726 3797 elisee
750 3764 781 3797 ex
799 3755 890 3797 antrat.
914 3746 972 3802 eiua
989 3746 1026 3799 aa

53 3817 141 3889 557.
163 3845 193 3855 -
216 3816 298 3883 Vuig.
315 3816 509 3887 principiorum
528 3814 606 3864 aedit.
649 3814 695 3879 il)
718 3814 816 3865 nullia»
830 3816 903 3867 aiter
915 3814 1026 3867 aanor!

54 3889 104 3939 Gr.
122 3884 206 3937 Verb.
220 3914 254 3924 -
272 3884 341 3936 aiter
354 3902 410 3937 om.
425 3884 474 3935 Or.
511 3881 557 3951 12)
573 3882 656 3952 vulg.
680 3884 722 3935 Et
736 3882 802 3955 quia
816 3912 860 3936 -.
896 3878 940 3947 ib)
959 3882 1027 3955 para
