2280 4328
254 257 575 323 ANNOTATIONES.
621 258 703 321 CAP.
717 259 773 322 xt.
795 263 824 338 ἦ.
841 263 893 333 31.
969 260 1056 337 Μ),

75 435 147 491 ecta.
171 431 227 490 SS.
251 442 383 490 terrores
405 432 525 501 atinam
547 440 578 486 at
600 431 632 487 in
654 433 759 489 ceteris
780 433 811 490 io
833 452 878 488 nie
901 442 1043 505 terror-ea,

72 538 228 597 nusquam
254 529 387 575 terrores
415 517 450 575 iu
474 536 529 574 nte.
577 514 644 572 Non
673 517 766 574 solum
794 537 864 593 ergo
893 533 1045 595 corruptas

69 607 149 662 ilias
172 623 279 676 voees,
307 603 357 660 seii
380 603 572 676 transpositas
593 619 706 677 quoque
729 602 886 659 Gruterum
914 607 1045 677 oportuit

68 691 272 761 existimare3
308 705 401 762 neque
431 707 488 763 ega
516 697 614 743 tamen
641 689 797 745 transferri
826 708 883 744 non
914 692 1042 761 potuisse

67 776 217 833 defendo.
261 773 336 831 iliud
358 773 498 843 observo,
529 772 560 828 in
582 770 662 828 hisee
684 792 785 830 vocent
816 794 914 829 earnes
946 777 1041 833 ioouur

65 880 183 917 earum
205 861 237 916 iu
257 880 302 916 aue
324 877 476 936 occupare,
498 876 571 932 quae
593 858 721 914 vicissim
742 861 821 915 ilisru
845 860 1002 915 exctotoot
1024 881 1042 916 a

64 946 152 1003 MSo
171 944 288 1001 Fraueii
311 955 340 999 et
362 943 425 1000 edd.
444 945 525 1000 trra
543 955 572 999 et
590 945 678 1000 1480.
721 944 912 1011 Quamobrem
936 946 961 999 ei
982 966 1041 1003 vox

64 1035 182 1088 urinae
205 1050 258 1106 pro
279 1031 454 1107 glossemate
474 1027 624 1097 habeatur,
644 1030 798 1107 legendum
822 1050 885 1085 auia
903 1028 1040 1087 irarrrbino

64 1115 243 1173 videbitur:
256 1114 382 1191 undique
392 1133 491 1171 antaee
500 1123 632 1171 terrores
644 1114 835 1192 periculaque
849 1116 1038 1191 iiopeudeuat

64 1204 200 1272 (inania,
221 1202 268 1256 vei
285 1199 411 1277 undique
432 1201 464 1257 t'a
485 1219 529 1256 tue
548 1208 679 1256 terrores
693 1211 747 1256 ete.
776 1200 829 1257 sta
853 1219 914 1257 earu
940 1222 1039 1259 vocent

64 1289 183 1343 salense
212 1284 388 1363 iubebimus,
416 1287 458 1340 ita
479 1286 629 1362 legemus:
657 1285 783 1364 undique
805 1305 903 1343 ‹ruiuea
928 1289 1037 1357 aiiaiip,

64 1386 214 1430 terrores
236 1371 406 1446 ete.‚“quod
428 1373 532 1425 ceteris
554 1370 727 1428 lectionibus
748 1371 833 1427 fooiie
855 1391 931 1427 uuae
954 1392 1038 1446 pirae-

64 1460 159 1527 fer03
189 1459 237 1512 vei
259 1455 386 1532 undique
407 1458 522 1523 atinus,
546 1465 677 1525 terrores
695 1468 750 1514 ete.
792 1458 884 1529 Atipre
908 1459 944 1514 aii
967 1458 1037 1515 baie

64 1553 228 1618 postrema
249 1542 416 1598 Graeviaua
437 1542 525 1597 etiam
551 1552 650 1616 posset
678 1544 796 1620 elegans
824 1541 953 1599 anibiberi
976 1557 1036 1599 tro-

64 1629 188 1697 ieetio,
214 1629 260 1683 cui
284 1636 398 1700 praeter
419 1625 569 1683 audaciam
590 1627 743 1701 quamdam
764 1646 823 1683 vox
846 1649 944 1685 ooiueo
967 1631 1037 1685 mibi

64 1713 199 1770 videtur
220 1713 343 1768 obstare.
387 1710 468 1768 Haec
489 1713 562 1767 uiris
590 1712 683 1767 doctis
711 1714 914 1787 perpendenda
942 1715 1036 1783 trado,

64 1799 125 1874 qisi
151 1817 189 1855 ex
211 1797 291 1854 bisin
320 1797 445 1854 fortasse
473 1816 534 1852 rein
561 1798 686 1853 oieriore
716 1799 746 1854 in
774 1799 882 1853 turnino
911 1801 1035 1855 colloca-

64 1887 160 1941 bunt.
192 1882 224 1939 iu
241 1882 287 1939 his
302 1881 496 1938 Greevianani
520 1883 631 1938 interea
652 1884 804 1938 lectionem
828 1903 886 1939 uon
908 1885 1035 1956 repudio.

68 1971 232 2029 Gareatoa.
263 1966 413 2025 Librorum
436 1968 561 2024 nuntium
585 1968 755 2024 eoiiatoiuot
778 1988 831 2043 ogre
854 1972 970 2025 oniuino
986 1970 1035 2025 ae-

64 2058 198 2112 stitutos
226 2071 279 2109 nos
301 2056 466 2128 queriuiur3
495 2065 587 2126 neque
616 2064 727 2108 tanturn
750 2053 832 2131 nobis
855 2073 1036 2129 arrogantur,

64 2153 104 2196 ut
123 2139 385 2194 eruditissimorum
408 2137 556 2195 bominum
579 2138 686 2195 iudicio
709 2140 771 2194 sine
785 2140 844 2195 uiis
857 2140 1036 2197 dubitatione

64 2235 210 2283 nostrum
233 2237 409 2296 anteponere
425 2242 570 2280 eoneinur.
605 2223 663 2280 sea
681 2233 777 2280 taurea
792 2225 862 2279 iiiuii
881 2226 1046 2283 tenentum·

65 2320 139 2379 est,
172 2327 259 2365 uuaur
287 2320 401 2365 tanturn
434 2307 470 2364 ab
498 2310 642 2383 scripture
673 2328 757 2385 porse
785 2309 945 2383 proiectam
972 2331 1036 2368 esse

64 2396 261 2472 scripturam.
305 2395 389 2461 Quod
419 2413 505 2469 quum
535 2396 577 2451 ita
605 2395 662 2463 sit,
692 2394 845 2451 videntium
875 2408 935 2466 est,
965 2398 1034 2472 quid

66 2493 224 2538 oratorem
247 2482 398 2553 scripsisse
424 2481 549 2536 maxime
570 2480 704 2536 videatur
726 2482 891 2537 verisimile.
934 2482 1035 2557 Neque

66 2565 149 2622 iiiud
171 2565 348 2640 urgebimus,
369 2565 488 2623 verbum
511 2565 678 2642 impendere
700 2585 758 2622 non
771 2586 855 2641 saepe
871 2587 933 2624 curu
952 2588 1035 2641 proe-

65 2651 222 2728 positione
244 2653 276 2708 in
299 2654 484 2729 eoniuneturu
506 2653 641 2708 inveniri.
671 2642 797 2710 Mariiare
813 2653 907 2708 auteur
925 2653 1035 2709 arridet

65 2741 170 2805 iocus,
192 2753 276 2810 quem
299 2756 335 2792 ex
358 2747 430 2793 orat.
453 2757 506 2811 pro
528 2739 629 2804 Quint.
653 2756 714 2811 eap.
735 2740 773 2795 ta
803 2734 830 2817 ᾗ.
849 2739 899 2797 aa.
922 2739 1035 2793 exeita·

66 2826 119 2889 vit
135 2820 323 2877 Garatonius.
356 2821 473 2879 Certum
496 2825 573 2879 eninr
595 2831 640 2879 est
661 2832 748 2895 atque
770 2826 964 2897 exploratura,
985 2822 1035 2879 ci-

67 2925 213 2964 eeroneat
241 2905 286 2962 his
315 2908 496 2981 eloquentiae
525 2926 594 2963 suae
623 2909 758 2981 primitiis
787 2926 845 2967 uon
876 2919 956 2963 tenta
989 2910 1035 2964 iu-

67 3001 222 3052 structum
243 2991 334 3048 fuisse
357 3006 386 3048 et
409 2993 576 3048 inveniendi
599 2993 738 3049 facultate
761 3003 789 3048 et
804 2995 887 3066 eopia
910 2993 1035 3064 alienarii,

67 3089 214 3153 quautam
237 3077 483 3152 intproveotioris
505 3080 609 3135 aetatis
632 3077 765 3150 operibus
787 3079 857 3141 iicet
876 3077 1039 3152 deprehen-¹

68 3164 155 3222 aiere.
193 3159 278 3221 Unde
300 3163 419 3232 factum,
441 3173 473 3218 ut
495 3163 526 3218 in
547 3161 602 3220 bac
625 3182 677 3238 pra
691 3161 761 3220 Sex.
776 3163 882 3220 Roscio
903 3168 1036 3221 oratione

66 3249 168 3306 nauita
188 3264 225 3301 ex
243 3251 391 3322 superiore
413 3259 559 3323 repeteret
581 3251 727 3322 multaque
749 3251 1034 3325 paullispertantunr

67 3340 253 3390 commutata
274 3336 486 3407 pronuntiaret.
530 3331 749 3391 Consectariuin
770 3337 862 3412 igitur
884 3348 945 3407 est,
976 3355 1033 3397 nou

66 3434 186 3496 pauca,
207 3434 280 3491 quae
301 3419 332 3475 in
354 3418 408 3484 bae
432 3429 533 3476 nostra
553 3421 693 3498 leguntur
714 3423 865 3488 oratione,
890 3440 928 3477 ex
950 3440 1036 3494 supe-

66 3505 154 3561 riore
184 3521 237 3577 pro
260 3503 381 3569 Quintio
411 3525 493 3580 posse
524 3507 674 3582 explicari.
716 3504 797 3583 Ergo
825 3505 908 3563 libris
936 3508 1035 3565 ticinae

67 3585 279 3648 exhibentibus
302 3589 388 3647 iidem
409 3593 554 3647 nobriniue
575 3591 726 3669 derogare.
764 3591 919 3648 Praeterea
942 3593 1035 3663 ipsunt
1113 3629 1114 3632 κ

66 3673 134 3731 vid.
150 3671 210 3729 cto.
224 3692 276 3748 pro
292 3672 403 3733 Mareu.
418 3695 441 3730 c.
457 3678 507 3733 21,
531 3674 557 3757 ᾗ.
570 3677 620 3735 43.
645 3674 777 3735 Primum
794 3676 958 3737 accusandi
974 3685 1038 3731 tere

68 3766 210 3816 roraret
238 3760 353 3831 atinae,
383 3762 486 3837 quibus
511 3772 544 3819 tu
573 3763 703 3844 quotidie
734 3765 779 3822 uti
804 3760 938 3834 solebas,
966 3769 1036 3817 aaut

64 3845 170 3923 sortis
191 3845 261 3902 oiri.
292 3845 363 3904 ibid.
385 3845 411 3928 §-
432 3850 482 3907 44.
507 3882 545 3894 -
