2280 4328
106 295 427 361 eunomiumne-:o
457 295 728 375 caenoque.
747 296 907 373 lxmae.
936 296 1016 377 135

50 493 140 532 mare
163 473 317 552 proiectae
346 477 443 541 cenet,
473 468 606 527 decrevit
635 464 669 525 Ρ.
692 466 825 540 Muciae,
855 469 1015 543 santiliam

48 578 181 639 puram‚·
209 556 288 635 qaod
314 574 346 612 cu
368 573 462 631 cupra
486 564 601 611 terram
630 573 687 611 aaa
709 564 864 626 cantamen
889 576 1015 634 porcam

50 644 159 703 lteredi
181 662 239 699 aaa
261 658 325 699 em
347 649 548 714 contractam3
582 639 735 696 habendae
763 640 893 717 triduum
907 643 1016 715 furiae
1069 714 1071 718 Ι

52 741 84 788 et
103 747 196 807 porco
210 728 333 801 femina
356 724 512 803 piaculum
537 727 621 803 pcti3
657 726 685 781 ei
712 725 744 781 ia
774 726 854 780 mari
882 736 1015 787 mortuae

54 824 155 884 acuet,
183 813 303 878 eadem,
327 809 480 887 piaculum
503 819 532 866 et
552 810 667 884 feriae.
689 807 741 886 (ex
761 809 848 872 Oreil.
871 812 958 890 coni.)
974 845 1017 861 .-

143 902 171 974 ξ.
194 899 245 954 23.
288 895 377 953 Facie
400 894 528 974 patriis]
560 894 738 953 Entenee
782 892 899 952 Nudum
928 899 1017 956 eiecit

54 985 141 1043 domu
172 992 262 1062 atque
283 982 370 1055 facie
400 991 455 1038 etc.
485 981 686 1059 praecipitem
714 977 856 1051 Sextum,
893 980 1017 1055 iudicet,

54 1068 209 1129 exturbat.
252 1067 317 1123 Etsi
338 1086 436 1124 vocem
453 1063 577 1122 Sextum
600 1085 636 1120 ex
658 1066 753 1142 giumo
781 1067 913 1140 irrepieec
937 1068 1017 1127 credi

54 1157 143 1212 facilc
165 1164 276 1228 potest,
309 1160 372 1208 non'
396 1164 491 1207 tannen
513 1171 530 1207 a
553 1148 649 1206 Tullio
678 1152 783 1223 apponi
811 1170 867 1206 nou
890 1155 1016 1225 potuisse

56 1241 191 1297 dicerem.
218 1237 366 1293 Garatom.
403 1233 567 1310 Scripturas
581 1236 655 1290 inter
668 1253 697 1291 ee
712 1235 920 1309 discrepantes,
943 1255 1016 1312 quae

55 1327 88 1381 in
112 1323 194 1380 codd.
215 1333 282 1378 sunt
313 1322 432 1392 obviae,
465 1322 489 1376 ai
518 1320 644 1377 uoluerit
673 1323 833 1377 eccmatiue
863 1324 1015 1397 pensitare,

55 1409 183 1466 fortunae
219 1418 313 1464 tutum
346 1406 420 1463 hunc
456 1407 549 1461 locum
581 1397 624 1460 ei'c
656 1405 803 1461 nobiccum
839 1408 1046 1467 emendabie:›

55 1491 184 1552 Interea
207 1494 265 1548 iate
288 1526 326 1537 —
351 1492 501 1548 Ameriam
524 1491 623 1559 venit,
651 1490 682 1546 ie
707 1490 837 1567 praedia
859 1489 946 1549 ltaiue
969 1495 1017 1551 ina

56 1581 161 1650 acuit,
190 1577 267 1653 lanc
295 1577 452 1645 miserum,
488 1576 570 1631 luctu
596 1575 767 1652 perditam,
809 1576 859 1652 qai
889 1579 1034 1637 nandum¹

58 1667 155 1723 etiam
181 1672 312 1741 paterna
329 1663 442 1734 sancei
472 1662 552 1716 iusta
581 1658 735 1729 cotonea,
772 1660 879 1716 nudum
910 1665 1017 1739 eiecit,·

56 1750 145 1807 domo
168 1759 256 1826 atque
272 1749 356 1820 socie
377 1747 490 1825 patriic
507 1745 621 1821 diisque
639 1745 798 1823 penatibus
818 1745 1017 1825 praecipitem

58 1834 208 1905 Sextum,
229 1832 358 1902 iudicet,
384 1831 541 1903 exturbat,
565 1834 629 1908 ipae
652 1831 853 1908 amplissimae
870 1837 1017 1909 pecuniae
1035 1850 1043 1871 '-

49 1921 96 1994 fit
127 1920 269 1977 dominae.
320 1916 449 1991 Namque
480 1919 509 1972 in
537 1919 688 1991 propatulo
716 1927 773 1987 est,
811 1929 953 1983 oratorem
980 1921 1016 1979 ab

58 2006 147 2062 initio
176 2024 251 2074 retu,
279 2001 514 2077 quemadmodum
541 2014 623 2078 gesta
650 2003 704 2074 eit,
737 2020 884 2073 enarrare,
915 2005 957 2061 ito
983 2016 1018 2064 ut
1066 2026 1068 2031 ·

59 2091 204 2146 honorum
233 2089 406 2160 ereptionem
434 2087 632 2164 indignissime
661 2085 765 2143 iactam
794 2089 941 2161 perspicue
969 2089 1020 2147 de-

58 2176 186 2248 ecriltut3
219 2173 268 2230 aed
290 2172 416 2228 iudicum
446 2172 671 2250 indignationem
689 2183 731 2231 ‚ut
753 2175 843 2250 magis
870 2175 1019 2249 magisque

59 2272 194 2327 movent,
223 2258 260 2315 ml
282 2278 329 2313 ecs
352 2259 428 2329 ipsos
448 2276 510 2312 aesc
532 2269 699 2312 convertens
721 2271 895 2339 exaggerata
918 2259 947 2315 id
969 2260 1019 2317 de·

59 2365 121 2402 nuo
150 2355 288 2400 mcmmat
318 2344 462 2414 anniane,
492 2343 574 2417 quasi
602 2343 784 2415 praecipitem
815 2342 935 2399 Sextum
958 2343 1019 2402 Ro-

60 2432 154 2492 ecinm
191 2430 273 2485 eloam
308 2440 336 2483 et
371 2427 443 2483 facie
473 2429 574 2500 patriis
602 2445 662 2491 esse
689 2429 881 2485 exturbatum.
935 2428 1019 2485 Viden

61 2527 177 2584 autem,
200 2516 264 2572 voci
281 2511 404 2586 Sextum
419 2529 572 2586 pronomen
588 2512 650 2588 ipee
665 2512 706 2567 sic
721 2513 890 2586 respondere
903 2515 1019 2588 optime.

61 2598 166 2674 Neque
190 2599 304 2668 inloto,
336 2599 402 2672 quin
426 2595 507 2653 codd.
529 2599 669 2670 scriptura
692 2597 778 2654 eiecit
801 2600 949 2655 e'eriesimu
969 2600 1018 2672 sit,

61 2703 153 2760 quum
175 2686 324 2740 antecedat
346 2682 491 2739 eoiciceet.
535 2681 617 2747 Quod
641 2682 689 2736 uto
711 2685 903 2753 concesseris,
924 2702 1021 2742 emen·

62 2769 176 2826 dationi
198 2782 310 2825 nostrae
333 2769 446 2828 iacaeit
468 2785 525 2822 oon
548 2758 699 2842 ‹lenegobii
720 2786 872 2823 ascensum.
909 2814 922 2830 ,,

153 2853 223 2910 Cau.
247 2853 298 2909 lX.
331 2857 358 2928 ξ.
382 2855 432 2909 24.
483 2848 528 2908 Nc
555 2852 614 2907 iter
643 2851 756 2928 quidem
786 2852 828 2912 od
854 2852 1021 2932 tepulctam

56 2938 211 3020 patrium]
239 2938 311 2994 Nam
343 2940 372 2993 in
401 2938 478 3015 agris
509 2948 618 2993 veteres
645 2938 869 3010 sepeliebantur,
899 2938 947 3018 (ut
975 2942 1023 2997 lex

61 3040 150 3082 vetut
173 3037 309 3081 testatur:
332 3019 370 3079 la
393 3022 464 3079 arde
487 3041 522 3078 aa
544 3021 666 3098 capelitc
689 3021 725 3076 cf.
748 3021 806 3079 Cic.
829 3022 863 3077 dc
884 3023 969 3103 legg.
985 3024 1022 3097 ΙΙ,

63 3111 191 3182 cop.23.
221 3111 248 3184 ᾗ.
267 3108 332 3180 58.)
361 3120 389 3165 ct
417 3110 541 3180 spatium
571 3118 664 3162 certon
693 3106 777 3180 pedes
804 3109 893 3165 latum
923 3130 1021 3167 conse·

62 3194 215 3266 cenimina,
245 3206 277 3251 ut
299 3192 458 3267 Philippica
480 3189 534 3247 ΙΧ.
562 3203 689 3247 extrema
711 3194 787 3267 (cap.
811 3191 872 3259 tlt,
900 3197 928 3273 ξ.
955 3191 1024 3276 17):

61 3281 169 3356 utiquc
197 3279 289 3336 Iocum
319 3276 475 3355 eepolcltro
502 3278 534 3332 ia
561 3292 664 3354 cctnpo
686 3275 840 3354 Esquilino
867 3278 890 3336 G
921 3277 1026 3339 Paaea

63 3363 185 3432 coneal,
207 3384 259 3427 eeu
281 3385 336 3442 qao
359 3365 391 3429 ia
413 3362 474 3419 loco
497 3361 632 3430 uidetur,
652 3361 744 3438 pedet
763 3364 894 3439 triginta
913 3387 1025 3445 quaqua

63 3469 172 3512 vercae
188 3451 342 3525 assignet,
363 3468 418 3527 quc
436 3445 561 3505 Serviue
575 3443 726 3523 Sulpiciae
743 3451 907 3522 inferatur.
943 3451 1027 3517 Quod

66 3538 156 3593 etiam
178 3535 277 3592 Liuius
301 3536 346 3589 uo.
366 3532 421 3604 Vl,
445 3553 505 3607 cop.
524 3534 572 3588 36.
596 3533 755 3610 significat:
778 3544 811 3590 at
832 3536 958 3612 cinguli,
982 3537 1028 3609 in-

66 3623 149 3695 quit,
168 3639 262 3695 prope
283 3628 483 3688 trecentorum
506 3619 614 3677 ciuium
634 3620 822 3695 poeuidcreat
835 3640 942 3698 agrae,
961 3620 1027 3699 ple-

65 3705 131 3762 leia
154 3704 265 3762 lanuini
286 3707 339 3764 cix
362 3704 404 3770 ad·
425 3711 535 3764 tectam
558 3707 758 3771 necemaeiam
787 3715 841 3762 cat
865 3707 960 3763 locam
980 3725 1028 3765 ee-

59 3789 227 3871 pulturae,
259 3810 329 3848 euuu
348 3800 471 3868 pateret
495 3787 588 3866 ageri
620 3787 744 3855 Condito
772 3809 856 3865 porro
878 3791 1028 3862 cadauere,

67 3869 154 3953 gleba
171 3878 205 3935 in
222 3896 255 3933 oe
270 3878 374 3933 iniectu
393 3877 535 3951 iustisque
551 3875 636 3933 iunctis
661 3874 713 3952 (ci.
732 3887 793 3934 not.
805 3875 850 3939 ad
871 3876 899 3951 ξ.
914 3878 966 3935 23.
978 3872 1028 3963 Β.)
