2304 4320
75 329 84 382 l
255 310 576 378 ANNO'l'dTlONES.
619 309 699 371 CAP.
718 312 782 372 xl.
804 316 834 392 ᾖ.
851 316 920 374 118.
990 314 1076 390 515

79 496 168 553 lioei
197 462 313 568 passim!
331 498 398 544 sunt
426 485 524 555 obvii,
551 483 654 559 quibus
681 484 823 557 particula
850 504 959 564 qaoque
988 491 1072 547 aliter

106 580 227 641 videtur
257 575 350 650 posita
380 590 460 641 esse,
496 587 581 644 quam
615 570 780 643 plerumque
808 573 878 644 poni
907 575 995 643 solet,
1033 576 1071 634 of.

71 671 81 725 i
108 674 210 724 annot.
239 661 276 719 ad
297 657 325 740 ξ.
343 658 409 727 52,
442 666 538 712 tamen
567 655 733 710 inusitatam
756 652 829 710 hano
856 657 1072 717 eolloeationem

71 743 250 828 ¹arrogamus
272 741 448 801 emendando
471 757 532 794 ease
552 740 613 795 nllo
634 738 719 794 modo
740 738 919 798 imitandam.

71 864 87 899 Η
199 830 226 913 ᾗ.
251 832 319 890 118.
365 824 402 884 Si
429 822 507 902 qaod
534 823 653 880 illoram
672 825 763 896 forte
792 824 991 904 dubitabitur]
1022 826 1073 886 ste

71 931 87 991 g,
111 920 241 997 postulat
272 915 393 974 verbum
421 909 625 989 oonoinaatstr.
667 908 736 966 Vidi
764 919 877 982 tamen,
910 914 960 986 qni
982 916 1075 970 oorri·

110 1003 237 1086 gendum
259 1008 394 1076 putarent
415 997 443 1052 si
464 1013 519 1072 qao
540 994 577 1051 de
598 992 734 1066 illoram,
762 1012 883 1069 quorum
902 1000 1075 1056 sententiam

71 1104 87 1157 ἰῇ
110 1093 193 1147 loono
222 1089 283 1160 ipse
310 1083 425 1139 refellit.
469 1077 588 1136 Hotom.
631 1078 738 1138 Frena·
760 1079 848 1137 Prim.
897 1081 1004 1140 Veram
1034 1103 1076 1142 ea

71 1176 88 1247 ’,-
109 1173 183 1245 lton,
205 1174 233 1229 si
254 1168 332 1248 qaod
353 1167 389 1224 da
410 1165 529 1222 illoram
549 1173 630 1222 sorte
649 1163 844 1237 dubitabitur,
868 1169 1074 1227 aosoissoatar.

71 1260 87 1333 ς’,
115 1259 230 1317 Graes.
276 1253 310 1311 Si
332 1255 419 1309 etiam
441 1253 471 1307 in
494 1250 538 1306 ed.
563 1252 654 1307 1480.
676 1268 773 1307 errore
795 1253 956 1311 manifesto.
999 1254 1073 1313 Nam

71 1385 87 1419 ,
111 1345 152 1403 de
172 1340 312 1418 profluxit
333 1357 370 1394 ex
391 1338 493 1394 ultima
514 1337 611 1393 littera
632 1337 712 1436 verli
734 1336 829 1413 quod5
851 1347 911 1393 tom
933 1358 970 1439 ex
982 1343 1075 1414 forte

71 1470 89 1595 ζ
111 1424 442 1590 titilill‘llt‘
463 1427 1075 1570 ld?..lliliiillillllltit

71 1648 88 1682 r
112 1596 276 1656 emendatio
298 1613 352 1671 qao
373 1592 410 1651 de
426 1592 545 1650 illoram
560 1608 612 1664 pro
626 1589 662 1646 de
677 1589 777 1667 aliquo
791 1591 919 1650 illoram.
953 1593 1073 1655 Reetnm

71 1728 86 1811 ξ
111 1687 270 1845 ΜωξῗωΙ
280 1679 406 1822 Ιαίὃῗὼῐῖ
419 1672 792 1838 glddiddnredezdtgsesrdfslts
806 1675 1021 1838 mmmm
1043 1768 1074 1823 in

71 1822 86 1860 Ι
114 1853 183 1910 aliis
205 1850 336 1906 omnibns
362 1849 500 1921 seriptum
528 1847 567 1902 sit
589 1863 609 1900 a
630 1844 803 1920 gladiatore
825 1849 958 1906 cessisse.
1001 1848 1076 1907 Sen-
1119 1912 1121 1917 ,

71 1908 85 1947 ¹
116 1955 168 1993 ans
196 1945 291 1991 antem
323 1932 369 1989 hio
397 1942 455 1990 sot:
484 1949 551 1987 nom
581 1931 629 2002 ille
658 1931 718 1987 ludi
746 1932 912 2009 gladiatorii
938 1938 1078 2014 magister

76 1996 85 2056 l
117 2032 211 2080 artem
233 2018 350 2074 desiisse
370 2013 506 2074 ridetnrl
537 2013 657 2072 Hotoas.
700 2013 787 2074 MSS.
807 2019 899 2074 nostri
920 2019 1078 2079 editiones·

71 2082 84 2123 '⁵
116 2124 190 2181 qne,
212 2105 281 2160 item
303 2121 387 2160 ansae
409 2102 537 2176 praeside
555 2101 685 2157 Viatorio
707 2119 728 2157 a
748 2101 922 2178 gladiatore
943 2109 1077 2166 cessisse.

71 2168 84 2253 §.¹
115 2190 216 2249 Faeile
242 2187 331 2246 fuerit
358 2187 508 2245 emendare
539 2189 662 2260 repetita
688 2187 814 2263 syllaba:
855 2206 876 2244 a
902 2189 1079 2266 gladiatore

71 2250 83 2296 ι
116 2275 288 2334 recessisse.
330 2275 460 2331 Alterum
482 2284 578 2329 tamen
601 2271 717 2328 ridetur
739 2275 852 2346 potins,
874 2275 899 2330 si
921 2276 1005 2334 modo
1027 2298 1076 2335 or-

71 2340 84 2383 ''
116 2372 182 2418 tum
204 2360 287 2417 debet
309 2359 391 2414 lilris
412 2358 569 2432 plateariis.
602 2355 724 2413 Gruter.
768 2355 858 2415 Recte
879 2357 966 2424 MSS.
989 2367 1078 2421 etiam

71 2431 83 2513 ¹,
119 2465 192 2522 qnos
214 2464 268 2521 ego
290 2444 368 2504 ridi:
398 2462 419 2499 a
439 2441 611 2518 gladiatore
637 2441 749 2500 Graes.
793 2441 878 2501 Certa
906 2447 1077 2521 emendatio,

71 2505 76 2577 ¹1
121 2549 207 2606 qnam
221 2528 355 2586 Olivetns
374 2526 740 2602 sineaaussarepudiavit.
771 2525 1078 2590 Fundnseinsemen·

121 2616 247 2673 dationis
269 2627 313 2671 est
335 2616 420 2671 etiam
443 2615 472 2669 in
495 2612 537 2668 ed.
561 2613 686 2685 l'eneta,
712 2631 785 2689 qnae
807 2613 892 2671 habet
914 2635 933 2671 a
954 2617 1077 2693 gladia-

122 2710 187 2758 tore
209 2702 343 2756 cessisse.
375 2698 484 2756 Garat.
519 2697 689 2754 Coniectura
711 2717 732 2754 a
753 2698 795 2775 gl.
812 2703 970 2759 reeessisse
992 2706 1078 2762 etiam

71 2774 80 2817 l
122 2805 159 2842 ex
180 2805 216 2841 eo
239 2803 370 2862 magnam
392 2784 524 2842 veritatis
545 2785 667 2856 speeiem
688 2784 875 2858 adipiscitur,
898 2787 973 2860 qnod
992 2791 1081 2848 sorbo

71 2860 85 2903 '³
122 2871 282 2945 eomposito
305 2868 444 2926 recedere
470 2866 547 2924 infra
569 2867 727 2925 consedere
754 2869 870 2927 videtur
898 2873 1079 2946 respondere.

71 2932 85 3035 ,ι
209 2951 237 3034 §.
262 2956 331 3010 118.
375 2963 429 3010 aut
459 2953 486 3008 is
514 2951 694 3031 discipulas]
726 2952 847 3011 Reatino
876 2967 1003 3028 nutarem
1023 2959 1082 3018 tta

73 3032 86 3075 ¹
122 3039 304 3118 discipulas,
326 3053 360 3098 nt
382 3037 418 3094 T.
436 3035 573 3115 Magnum
595 3037 790 3109 demonstret,
813 3039 861 3113 qui
884 3042 914 3096 in
932 3056 1083 3104 aesnssto-

74 3107 86 3197 ³:
122 3128 165 3183 ris
186 3125 330 3183 subselliis
359 3123 483 3178 sedebat.
526 3120 646 3179 Hotom.
696 3122 847 3180 Editiones
869 3123 923 3184 SS.
945 3128 1083 3190 exhibent

71 3204 84 3245 ⁶
122 3212 168 3282 is,
198 3210 250 3266 alii
276 3209 416 3264 dederunt
437 3206 502 3278 dio,
531 3209 632 3281 optimi
653 3209 675 3264 ii
698 3208 829 3283 qnidam,
861 3212 937 3286 qnod
959 3215 995 3271 ad
1017 3236 1081 3272 sen·

71 3288 84 3331 '¹
122 3297 254 3353 tentiam.
288 3293 393 3350 Verum
415 3301 465 3349 out
485 3311 546 3349 vox
566 3293 624 3350 iste
644 3295 763 3350 inventa
784 3296 846 3368 ipsa
866 3297 897 3352 in
914 3296 993 3357 Msis
1014 3301 1082 3371 fuit,

71 3376 80 3434 l
124 3381 202 3456 quod
224 3392 322 3437 tamen
342 3398 360 3435 a
381 3379 493 3434 nentina
518 3389 650 3434 notatum
678 3378 756 3450 ridi,
790 3390 841 3437 aut
869 3396 945 3440 certe
972 3388 1017 3444 vel
1046 3403 1083 3440 ex

71 3454 78 3489 ¹³
125 3485 161 3522 eo
184 3475 228 3521 est
248 3463 439 3534 admittenda,
461 3463 538 3536 qnod
559 3464 644 3519 alteri
665 3464 692 3519 is
713 3467 830 3539 propius
852 3468 970 3526 aceedit.
1007 3467 1084 3526 Nans

123 3547 157 3610 aa*
180 3550 208 3605 is
230 3547 265 3604 Τ.
285 3547 389 3627 Magno
412 3549 554 3622 praesenti
576 3566 634 3605 non
656 3552 807 3621 convenit,
830 3565 863 3610 nt
884 3552 959 3610 vidit
974 3550 1082 3609 Hotto-

124 3637 339 3704 mannus,'oui
367 3633 439 3690 adde
458 3631 618 3689 Ferentium
644 3633 680 3690 od
702 3653 727 3695 e.
750 3636 778 3692 7.
823 3636 966 3695 Convenit
987 3649 1082 3694 antem

71 3784 75 3789 ,
124 3732 187 3778 um
209 3716 258 3774 dia
279 3736 363 3791 qnam
385 3721 451 3776 itte.
496 3718 568 3775 Vide
589 3720 675 3776 etiam
696 3736 759 3794 esp.
772 3723 801 3777 o.
824 3723 854 3776 in
869 3722 940 3790 line,
963 3721 1011 3776 nbi
1028 3721 1084 3778 Cs-

125 3805 190 3881 pito
224 3803 357 3858 similiter
391 3803 506 3862 lanista
542 3814 571 3859 et
600 3803 759 3880 gladiator
791 3816 820 3861 et
848 3802 948 3882 Magni
978 3806 1085 3864 dieitur

127 3887 288 3966 Magister.
331 3887 470 3947 Garaton-
