2304 4320
94 282 175 361 110
498 280 650 345 oaarro

92 453 247 546 audere,
274 451 363 527 nihil
383 477 510 550 posse,
537 452 628 527 nihil
648 478 822 551 umquam
848 467 987 529 eontra
1000 481 1056 530 rer

93 585 187 655 tuam
204 573 403 670 cogitasse3
433 583 602 646 ettamen
618 598 810 672 oppuguas
825 601 942 668 oum,
972 602 1056 674 qaeu

93 720 208 793 neque
227 698 258 784 ¹²)
299 704 458 765 metuere
497 703 601 788 potes
639 718 756 791 neque
792 693 931 768 odisse
967 695 1056 769 dehet

92 840 159 888 neo
193 811 386 911 quidquam
425 809 558 884 habere
600 813 671 885 iam
712 811 848 910 reliqui
871 810 915 905 ¹¹)
959 815 1055 907 vider,

93 933 191 1032 quod
217 934 252 1005 ei
277 929 464 1004 detrahere
495 932 613 1028 possis
620 958 631 1024 3
668 932 737 1005 nisi
768 929 844 1005 hoo
878 931 1055 1034 indigum

91 1064 215 1151 putas,
253 1048 350 1148 quod
375 1052 540 1124 vestitum
565 1048 692 1123 sedere
717 1052 756 1122 iu
780 1050 930 1125 iudicio
958 1054 1053 1145 vido,

92 1197 199 1271 quem
225 1180 263 1241 tu
288 1194 308 1242 e
334 1170 571 1265 patrimonio,
598 1179 778 1267 tamquam
803 1195 825 1243 e
852 1173 1054 1274 naufragio,

92 1288 225 1367 nudum
258 1288 436 1385 expulisti.
499 1288 614 1380 Quasi
643 1314 729 1363 vero
760 1291 937 1386 nescias,
979 1295 1055 1369 lure

93 1419 130 1482 et
155 1407 202 1479 ali
227 1418 264 1481 et
282 1408 405 1479 vestiri
430 1407 626 1483 aCaeoilia
640 1412 691 1507 ⁰),
719 1414 996 1507 spectatissima
1019 1415 1055 1489 tr·

93 1529 207 1620 mina3
236 1551 327 1625 quae
352 1552 460 1624 quum
484 1538 623 1626 patrem
645 1527 886 1605 clarissimum
908 1533 970 1629 (ἶ),
998 1562 1054 1607 am

91 1647 272 1746 plissimos
297 1655 463 1743 patruos,
492 1649 754 1721 ornatissimum
776 1652 941 1727 fratrem
962 1654 1055 1727 hahe

91 1778 168 1858 ret,
204 1776 343 1858 tamen,
376 1791 485 1864 quum
511 1778 608 1840 esset
632 1766 782 1861 mulier,
818 1772 965 1849 virtute
989 1802 1056 1874 per·

93 1885 203 1988 feeit,
240 1894 300 1976 ut,
337 1897 468 1982 quanto
486 1890 516 1981 ⁶)
550 1886 688 1961 honore
723 1890 801 1985 ipsa
835 1917 887 1965 ex
924 1894 1055 1967 illorum

92 2004 264 2104 dignitate
300 2004 519 2095 afficeretur,
560 2031 633 2079 non
671 2009 809 2080 minora
848 2009 931 2085 illio
965 2040 1056 2089 orm·

91 2134 210 2198 menta
236 2150 282 2196 ex
306 2149 369 2195 sua
393 2125 498 2198 laude
524 2125 704 2199 redderet.
774 2191 779 2199 ,

192 2243 260 2314 LI.
315 2241 411 2318 148.
446 2242 509 2318 Au
541 2245 638 2345 quod
670 2245 862 2345 diligenter
900 2249 1055 2327 defendi·

92 2372 174 2454 tur,
209 2360 248 2434 id
278 2361 343 2434 tihi
374 2362 560 2462 indiguum
595 2365 734 2438 facinus
767 2365 940 2443 videtur?
973 2371 1057 2448 Mihi

92 2479 221 2574 erede,
256 2482 288 2553 si
313 2506 380 2577 pro
406 2485 518 2579 patrio
545 2487 621 2557 eius
647 2482 853 2586 hospitiisf)
880 2499 924 2561 ot
951 2491 1056 2590 gratia

91 2601 225 2676 uellent
256 2627 379 2674 omues
404 2600 508 2675 huius
533 2602 694 2701 hospites
724 2603 851 2677 adesse
882 2617 925 2679 et
959 2609 1056 2682 audo

91 2732 173 2795 rent
198 2721 318 2807 libere,
338 2721 555 2816 defendere,
589 2726 675 2795 satis
708 2725 853 2820 copiose
888 2724 1056 2801 defendo

90 2852 210 2938 retur3
248 2843 304 2913 siu
321 2851 440 2914 autem
455 2865 522 2940 pro
540 2843 783 2944 magnitudine
805 2843 967 2920 iniuriae
983 2868 1057 2946 pro·

177 3128 209 3206 a)
231 3149 320 3208 quam
341 3149 434 3209 neque
448 3129 506 3189 Ox.
518 3155 547 3205 χ.
580 3129 612 3214 h)
634 3133 765 3212 relinqui
782 3131 839 3190 Ox.
855 3128 896 3188 T.
933 3134 968 3213 o)
983 3135 1058 3215 Vulq.

94 3229 247 3304 Caecilia,
276 3232 437 3306 Balearioi
459 3234 552 3309 filia,
587 3234 712 3316 Nepotis
742 3253 854 3292 sorore.
885 3269 933 3284 ·-
979 3239 1059 3298 Unoia

89 3333 162 3395 inei.
179 3333 217 3391 M.
235 3369 274 3380 --
290 3348 423 3411 suspecta
437 3336 538 3396 Garat.
553 3338 621 3397 Belo
638 3339 706 3398 sch.
721 3372 760 3384 -
790 3336 935 3403 Helladi
951 3341 1060 3401 Oxooo.

90 3431 123 3492 (2.
144 3433 184 3491 H.
213 3434 359 3496 Balearis
378 3439 492 3502 Oxonn.
516 3440 546 3499 S.
570 3442 606 3503 T.
622 3463 652 3520 ψ.
684 3439 842 3509 Ηωὶοανίι,
858 3438 927 3506 Ox.
948 3467 980 3517 χ.
1009 3441 1061 3501 Νο-

82 3539 154 3617 poti
175 3537 232 3596 01.
254 3538 293 3596 H.
345 3540 378 3615 d)
408 3542 624 3620 amplissimum
647 3544 704 3603 Ox.
723 3566 752 3616 χ.
803 3537 834 3615 e)
864 3540 1060 3619 quantocun-

89 3660 143 3718 que
171 3642 248 3700 ooni.
276 3640 377 3703 harah.
406 3661 494 3719 quum
522 3656 608 3706 tanto
631 3649 706 3708 coni.
734 3647 804 3706 Ero.
834 3628 968 3720 quaudo
996 3648 1062 3713 roni·

89 3742 195 3803 Schell.
218 3754 444 3824 quantoquonto
467 3749 540 3804 coni.
568 3735 625 3809 W.
665 3748 693 3826 t)
722 3747 865 3828 hospitio}
889 3783 937 3799 -
964 3788 1006 3799 -
1028 3783 1061 3799 .-

89 3843 178 3906 luu'ue
200 3869 257 3909 om.
280 3847 338 3906 Ox.
361 3845 397 3906 T.
418 3846 545 3929 hospitio
566 3850 682 3909 Oxonn.
704 3850 735 3910 C.
757 3849 797 3910 H.
819 3847 854 3909 S.
874 3873 906 3923 χ.
