2304 4320
124 290 203 372 m
252 289 576 353 sunorsrtouus
619 293 701 355 cm.
715 295 782 359 vu.
804 300 840 377 5.
861 302 981 369 roeo.

122 469 160 527 orl
181 466 260 536 lr.l.,
280 464 330 541 qui
351 482 413 521 rem
435 465 573 523 trnotesit
594 465 717 523 uberior.
763 466 808 527 Ut
831 472 932 531 tidem
954 472 1070 531 bobertus

123 552 288 627 Trenqoilli
316 552 499 620 testimonio,
537 563 631 608 tenren
661 554 784 627 antiquo
815 568 963 633 tenspore
988 559 1015 616 id
1035 580 1070 617 ou

121 652 181 699 tom
205 637 331 715 legibus,
353 653 437 709 quum
461 637 575 710 vtrlgorl
598 635 744 693 bominum
767 644 996 701 consuetudine
1011 644 1069 701 loire

120 734 271 787 temtum,
299 719 349 793 qui
376 720 560 777 eonsieinndi
588 723 684 779 studio
714 722 794 781 duoti
818 728 1004 786 libertorum
1021 729 1069 785 fitis

117 810 237 869 mellent
258 806 424 873 libertinos,
446 824 531 879 quom
552 808 691 881 ingenuos
710 828 840 881 sonore,
869 832 928 887 pro
943 826 1069 888 eertopot·

117 906 162 953 ost
192 889 337 949 elllrmnri.
390 888 505 947 Etenim
533 894 641 948 seriore
671 910 786 967 quoqne
816 909 947 967 uetnte,
986 900 1069 957 teneti

117 980 318 1037 libertinorum
345 976 399 1031 lilii
426 986 508 1032 erunt
528 978 646 1051 ingenui
669 978 721 1056 (el.
743 978 829 1036 l'nul.
859 983 917 1055 W,
942 987 974 1042 u.
1000 988 1027 1059 5.
1042 986 1068 1059 bl

89 1128 93 1141 ι
117 1078 213 1123 umen
233 1079 292 1117 non
313 1061 467 1120 voluerunt
489 1079 538 1118 eor
559 1063 714 1139 ingenuos,
736 1064 787 1121 sed
810 1070 926 1140 potius
949 1069 1021 1128 lilios
1036 1088 1068 1129 rt·

115 1168 182 1209 erre
202 1147 409 1204 libertinorum.
440 1145 478 1201 el.
499 1144 602 1203 llorut.
625 1144 701 1205 Sutt.
724 1147 752 1217 Ι,
775 1152 812 1220 ll,
840 1152 902 1211 46.
919 1157 978 1213 tu.

216 1244 293 1295 Nune
309 1243 403 1293 edere
421 1244 499 1293 rrdee
516 1244 641 1294 libertino
658 1252 869 1313 putrentium,

217 1312 304 1376 Quen
320 1313 419 1363 rodunt
434 1329 525 1361 onnes
541 1313 666 1365 libertino
683 1322 757 1383 petre
774 1324 889 1373 uatum.

112 1404 151 1464 el.
170 1401 261 1461 Wolf.
289 1400 325 1460 ed
351 1400 472 1459 Sueton.
499 1402 518 1457 l.
539 1403 559 1457 l.
593 1400 716 1461 Servum
742 1418 845 1463 sutem
879 1411 1064 1467 noenumirrn

111 1491 225 1549 tutione
246 1488 360 1562 petroni
382 1486 479 1543 bobito
500 1487 652 1557 libertum,
672 1502 772 1546 oontrn
789 1491 996 1563 libertinum,
1015 1494 1064 1570 quel

112 1574 263 1634 attinuerit
293 1571 330 1628 ed
357 1572 447 1646 ipsius
478 1584 602 1640 rtotum,
637 1574 765 1631 eumdem
794 1594 864 1631 esse
899 1583 1062 1655 opponatur,

109 1658 276 1719 inordudum
303 1658 380 1713 inter
406 1675 504 1713 omnes
530 1669 652 1715 constet.
702 1658 765 1716 l'ld.
789 1659 887 1720 wolf.
918 1668 942 1725 l.
967 1669 986 1723 Ι.
1006 1666 1062 1723 zo

109 1762 218 1804 mem:
248 1741 326 1799 llist.
354 1740 415 1798 lor.
443 1740 491 1798 Pr.
518 1740 604 1799 Toto.
628 1741 658 1813 Ι,
685 1746 714 1819 5.
735 1747 815 1816 2⁰1,
856 1750 888 1809 l.
926 1752 1062 1810 Annotl

109 1850 139 1909 p.
153 1831 226 1887 736.
268 1826 368 1902 Neque
390 1827 460 1883 illud
481 1826 657 1885 dubitationi
678 1829 857 1903 obnoxium,
891 1837 1061 1893 libertome

107 1915 322 1976 monumisroris
344 1913 491 1968 clientelae
519 1913 670 1969 troslldirse
697 1917 755 1983 ite,
783 1926 817 1973 ut
851 1926 995 1992 parentis
1021 1926 1060 1979 lost

106 2020 173 2061 eum
187 1998 327 2058 hebuerit.
349 1997 385 2055 el.
400 1996 557 2055 Zimmorn.
570 1996 647 2056 llist.
661 1998 721 2057 Jur.
738 1998 785 2055 Pr.
802 1999 896 2061 Tom.
910 2005 944 2075 l,
968 2006 1000 2089 5.
1010 2007 1059 2073 tlt,

106 2088 137 2147 l.
149 2106 177 2161 p.
188 2086 260 2141 789.
281 2083 360 2150 Quid
371 2080 482 2160 igiturl
506 2083 628 2141 Glnuoin
640 2102 726 2159 quum
739 2087 828 2143 cliens
843 2089 1058 2151 ‹liestor't'lb

37 2230 45 2241 ,
105 2173 160 2230 soti
173 2168 290 2249 Megui,
314 2186 411 2225 nonne
425 2168 551 2225 eiusdem
569 2187 632 2225 eum
652 2169 742 2227 luisse
761 2172 905 2231 libertum
925 2178 1056 2253 consequi·
1079 2184 1082 2203 ²

103 2252 175 2316 turi
200 2256 237 2312 At
249 2265 310 2311 tum
325 2272 383 2311 non
396 2252 548 2310 libertinus
568 2255 617 2309 sod
633 2256 752 2312 libertus
773 2256 902 2317 debebat
926 2264 1056 2337 appellati

102 2340 237 2412 Aoeedit,
272 2338 367 2413 quod,
402 2339 452 2412 qui
482 2341 651 2396 manumissi
678 2352 775 2407 erent,
811 2348 939 2416 pomoni
975 2364 1056 2406 nonn

103 2426 212 2507 gentile
232 2424 362 2482 solebant
387 2423 444 2480 sibi
466 2424 579 2496 indere,
611 2426 701 2489 veluti
723 2424 822 2482 Sullae
846 2422 976 2491 servum
999 2448 1054 2510 nort·

101 2512 156 2570 bre
183 2509 215 2567 1.
243 2507 409 2567 Cornelium
436 2521 570 2568 vocatum
597 2510 737 2567 videmus.
771 2511 809 2567 ol.
840 2510 873 2591 5.
898 2520 933 2573 6.
987 2518 1054 2593 dtuli

101 2596 226 2657 Glruoio
245 2612 302 2653 oon
319 2592 441 2650 lloeoins
462 2595 512 2651 sod
532 2594 625 2651 dietus
642 2593 767 2653 blonliur
784 2610 838 2654 est.
875 2602 970 2668 (lund
988 2622 1053 2679 quur

97 2686 143 2742 ite
163 2682 218 2752 eit,
249 2678 450 2751 statuendum,
479 2680 628 2736 Glauciam
654 2692 767 2737 mortuo
796 2681 916 2743 domum
950 2704 1052 2765 patron

99 2771 132 2827 in
159 2766 196 2824 l'.
224 2766 324 2823 Roseii
361 2783 423 2821 sere
449 2766 605 2821 contulisse
631 2766 801 2823 ollentolons.
863 2769 1007 2831 Ceterum
1029 2792 1052 2829 n

98 2851 278 2912 blell'eiorum
307 2852 426 2924 antiquo
455 2851 530 2907 libro
553 2847 678 2907 Mallius
699 2854 827 2911 restituit
851 2873 908 2928 pro
934 2856 1053 2917 Manus

98 2937 261 3009 Manutius,
285 2955 372 3012 quum
386 2936 495 2992 nobiles
509 2933 619 3003 blonlii,
641 2936 782 3013 ignobiles
793 2937 961 3001 edormiunt
978 2944 1053 3003 llrlli

95 3024 213 3082 luemnt.
263 3020 324 3080 Nos
353 3040 391 3077 ex
418 3021 501 3077 oodd.
529 3032 667 3095 quotenos
689 3020 821 3092 oxonio,
853 3025 978 3087 duobos
998 3030 1052 3087 Pell

96 3119 128 3165 et
153 3108 238 3166 editt.
264 3117 334 3168 vett.
383 3104 519 3163 Manlius
544 3105 693 3177 dedimus,
723 3124 809 3179 quum
839 3109 1052 3173 Glouoiomrl

96 3190 205 3253 blsnlio
226 3191 350 3269 quodum
371 3192 479 3263 nobili,
497 3198 587 3265 'quum
608 3192 643 3247 ob
666 3192 786 3250 obrouro
802 3191 908 3257 Mallio
933 3200 967 3257 in
982 3203 1052 3259 liber·

93 3288 184 3337 tetem
206 3296 268 3334 esse
289 3276 467 3335 vindicatum
488 3277 621 3333 molimur
641 3278 723 3334 nobis
746 3280 935 3351 pertundere.
979 3290 1053 3345 Aoos·

95 3365 156 3434 dit,
190 3362 267 3439 quod
293 3361 429 3425 inforiore
456 3380 527 3417 sevo
550 3359 677 3419 homines
705 3375 734 3421 et
756 3362 853 3421 dicere
876 3371 1054 3431 eolebmot

93 3448 219 3507 seribere
239 3445 365 3505 Mallius
386 3465 438 3521 pro
460 3444 610 3517 Manlius,
632 3455 690 3521 quo
712 3447 837 3518 loetum,
862 3466 901 3511 ut
922 3476 1054 3535 nepem·

93 3552 173 3594 mero
207 3530 381 3591 blnnliorum
414 3549 518 3590 nomen
555 3531 704 3589 scribendo
738 3551 979 3611 oorrumperent.
1026 3542 1055 3601 d.

91 3620 231 3691 Quinctil.
253 3617 334 3684 Dool,
355 3615 411 3688 ΙΙΙ,
433 3637 458 3675 r.
479 3618 525 3673 13.
549 3636 575 3692 p.
592 3618 642 3673 70.
664 3614 761 3675 Burni.
805 3617 990 3699 cognomen
1009 3631 1055 3709 igi·

87 3719 139 3767 tur
164 3704 296 3764 Glaucia
323 3713 384 3773 eet,
415 3701 491 3759 undo
512 3701 732 3761 Hotomonnum
759 3708 903 3783 eugenius
933 3728 1056 3795 enpust,

88 3808 175 3871 quem
195 3791 294 3849 verius
315 3788 486 3864 disputare.

175 3873 204 3956 5.
225 3878 276 3934 20.
320 3876 352 3933 in
381 3881 489 3933 rostra
516 3871 549 3939 1..
572 3870 690 3954 Saline]
718 3873 983 3949 contemnendum
1010 3904 1056 3947 mo
