2280 4328
226 294 547 358 ANNOTATiONES.
589 294 670 355 CAP.
693 295 764 355 vni.
786 299 879 372 523.
957 295 1033 373 181

71 481 158 542 cata,
181 487 253 544 qnae
272 466 392 526 Servius
414 469 496 525 nobis
517 467 636 524 tradidit
660 466 695 524 ed
709 465 810 545 Virgil.
823 467 892 524 Aen.
908 466 957 539 ill,
979 471 1030 527 22

71 553 157 611 Sene
179 562 350 632 apparatae
371 563 551 609 mortuorum
565 555 665 625 ficunt
678 551 739 608 dici
751 551 840 620 solet,
860 551 1036 612 'exstructio'

70 639 221 716 lignorum
243 657 352 714 rogus,
379 638 519 695 subiectio
542 640 620 713 ignis
639 657 736 714 pyra,
763 641 906 694 crernntio
934 640 1028 697 coda·

69 723 308 794 werinherum,
336 723 416 780 locus
445 725 579 792 ustrina,
607 725 706 798 operio
735 725 900 779 exstructio
927 724 1027 801 eepel·

68 829 164 868 erues.
193 808 371 878 cff.lilr.Xl‚
398 806 676 877 v.185.111‚5:39.
699 806 756 865 Cic.
772 827 812 881 pr.
825 807 918 864 Placc.
939 810 1024 867 aas.
1077 822 1080 831 “

13 938 18 943 .
69 898 99 968 ξ.
113 894 182 964 95.,
205 905 300 951 tamen
322 895 352 949 in
374 892 427 950 liae
450 904 543 967 persto
565 895 722 964 sententia,
750 905 782 949 nt
804 893 956 949 seeonrlnm
979 896 1024 951 ine

69 979 234 1052 pontificale
265 980 380 1035 nonnisi
412 980 511 1055 glebae
546 978 715 1033 inliciendae
743 979 942 1034 caerimoniam
971 977 1024 1036 hac

67 1064 193 1119 formula
221 1063 303 1120 iueto
327 1065 440 1138 fecere
469 1061 697 1136 comprehensam
730 1062 819 1118 luisse
846 1064 1024 1122 contenrlam.

67 1147 263 1222 Eandemque
285 1164 395 1205 tantum
416 1151 447 1205 in
467 1147 624 1203 ercmamlis
636 1146 798 1203 hominibus
812 1148 904 1203 loernn
920 1142 1022 1205 lralreri

67 1235 211 1307 potuisse,
243 1252 301 1289 non
323 1233 463 1308 estquod
485 1235 605 1306 emplius
627 1233 797 1288 conlirmem.
841 1231 912 1289 Rem
935 1252 1021 1293 accu-

68 1332 134 1374 rate
155 1318 310 1376 illustrabit
332 1318 468 1374 Varronis
490 1320 583 1384 loeus,
611 1335 693 1390 quem
723 1317 798 1373 infra
826 1320 1021 1377 tractalrinms.

67 1401 147 1469 Quid
173 1403 231 1458 iarn
258 1402 309 1458 fiet
330 1403 392 1459 loeo
414 1398 620 1459 Ciceronianol
649 1402 772 1459 Attemle
793 1402 827 1458 ao
850 1405 1022 1461 anteccrlen-

67 1488 126 1543 tia:
149 1486 288 1543 declarat
309 1474 415 1544 etenim
429 1487 544 1544 Ennius
566 1486 601 1542 tle
616 1486 760 1565 Africano
782 1499 810 1543 et
825 1508 850 1563 q.
867 1507 888 1549 s,
925 1488 1019 1548 Probo

67 1572 114 1628 vcl
137 1573 260 1628 maxime
282 1572 384 1629 Orellii
408 1573 559 1639 inrlicinm,
588 1575 637 1645 qui
665 1591 715 1645 pro
743 1575 884 1646 corruptis
912 1593 945 1630 ee
968 1573 1021 1630 lra-

65 1656 149 1726 buit,
185 1675 272 1731 quum
299 1657 374 1731 apud
401 1655 570 1714 Ciceronem·
595 1659 701 1713 etenim
731 1658 773 1711 sis
802 1660 934 1732 postponi
962 1678 1020 1716 non

65 1753 171 1815 pareat,
201 1741 231 1797 it
261 1742 335 1816 quoi
365 1746 501 1797 acerrime
529 1743 678 1818 impugnat
699 1741 860 1798 Wnnrlcrns
887 1743 922 1798 si
946 1759 1019 1805 orat,

64 1844 119 1898 pro
141 1825 237 1882 Plano.
260 1844 286 1899 p.
314 1827 379 1886 123.
412 1826 506 1894 'Quot
529 1829 552 1881 si
576 1827 667 1882 locmn
690 1829 850 1883 accuratius
872 1830 1020 1883 examina-

63 1913 162 1982 veris,
193 1914 287 1968 verbis
316 1913 423 1968 etenim
444 1911 555 1966 Ennius
577 1923 630 1987 eto.
660 1930 786 1966 caussam
818 1914 909 1967 inesse
937 1914 1019 1969 nobis

62 1996 151 2051 focile
173 1995 268 2068 datis,
297 2016 352 2070 qua
374 1997 472 2053 Cicero
499 2008 613 2073 gentem
635 1995 793 2052 Corneliam
822 1999 889 2052 olim
917 1996 1020 2054 hirnia-

63 2097 137 2157 tarn¹
160 2098 250 2154 neque
284 2095 437 2137 crematam
470 2100 531 2135 esse
561 2083 682 2138 voluerit
712 2081 891 2138 convincere.
941 2083 1018 2150 Quid

63 2163 177 2222 nrultal
215 2167 301 2223 verlra
330 2169 429 2221 misere
452 2166 563 2221 rlirnlsa
585 2166 729 2221 nobiscnm
759 2169 786 2221 in
811 2168 953 2245 integram
975 2169 1027 2224 sic·

61 2253 200 2306 restitue:
219 2261 393 2328 gentemque
411 2251 577 2307 Corneliam
600 2270 690 2327 neque
712 2250 753 2308 orl
773 2254 942 2308 neenroriane
966 2272 1018 2310 no-

60 2345 160 2390 strone
182 2335 239 2391 occ
261 2338 416 2413 sepulture
435 2339 542 2392 scimus
560 2356 622 2392 esee
639 2355 731 2392 neone.
774 2335 890 2393 Etenim
903 2336 1018 2397 Ennius

62 2421 100 2477 de
125 2420 291 2493 Africano:
317 2420 393 2478 Hic
416 2430 472 2477 est
495 2421 564 2479 ille
593 2424 703 2479 sitne.
727 2456 729 2461 <
753 2420 844 2495 γενος
872 2443 941 2479 nem
964 2424 1019 2480 siti

61 2505 222 2576 dicuntur,
252 2507 441 2584 potiremini
467 2517 544 2564 eunt.
593 2506 623 2562 G.
647 2505 742 2563 Marii
768 2510 845 2564 sitne
872 2508 1018 2586 reliquiae

61 2591 147 2669 opseri
174 2591 312 2649 Anienem·
332 2593 477 2669 diser'pari
498 2594 586 2649 iussit
607 2590 697 2652 ›S'nllo
723 2594 834 2663 eicior,
864 2595 1017 2653 acerbiore

61 2678 130 2733 odio
159 2678 320 2746 incitatae,
353 2698 440 2755 poam
467 2680 495 2734 si
527 2687 589 2734 tom
618 2681 739 2756 sopiene
759 2680 894 2752 fnisset,
927 2699 1016 2773 puppe

50 2763 125 2837 fnit
154 2761 306 2819 oelsernene
360 2763 446 2832 Quod
472 2762 554 2820 leand
580 2765 640 2820 scio
670 2784 710 2820 cn
738 2767 845 2821 limene
875 2782 929 2820 seo
949 2783 1017 2820 cor-

54 2849 241 2927 poriwposse
263 2848 414 2917 reccidere,
439 2851 554 2925 primes
576 2870 591 2905 e
609 2851 753 2926 petriciie
779 2849 925 2906 Cerenels'is
951 2850 1018 2925 igni

58 2933 157 3007 volarit
178 2936 316 2990 cremori.
360 2931 422 2990 Nee
444 2944 542 2991 tonica
565 2953 663 2991 eornm
681 2929 746 3012 (qni
763 2936 824 3012 igni
840 2931 1015 3015 cremantur)

60 3033 90 3074 ct
114 3037 140 3091 q.
162 3037 186 3074 s.
209 3051 250 3063 -
293 3017 347 3074 Pro
377 3022 517 3093 scriptura
546 3039 631 3077 uersor
653 3019 733 3075 codol.
756 3020 885 3074 nonnulli
908 3020 1020 3075 suisti--

39 3092 46 3147 Ῑ
58 3115 149 3159 tnunt
170 3100 332 3159 humatam.
354 3103 390 3164 cf.
406 3104 543 3160 Goerenn.
566 3105 607 3161 ml
624 3103 649 3159 h.
673 3105 691 3158 l.
735 3104 813 3160 Adde
837 3106 891 3159 iam
915 3104 1016 3162 deela-

57 3196 128 3256 rat,
151 3189 228 3262 quael
249 3190 395 3260 eiecimns‚·
418 3208 508 3262 neque
527 3190 712 3245 miserrimum
731 3190 853 3262 amplios
870 3191 1016 3268 ignorabis

57 3273 163 3329 insulsi
184 3274 293 3341 librarii
316 3264 688 3348 interpretamentumsqni
705 3277 874 3331 sententiam
889 3277 1015 3331 cinctorio

56 3358 208 3436 ingeniose
229 3360 271 3415 sic
292 3360 346 3416 sibi
368 3358 518 3416 videbatur
539 3361 718 3432 explanasse:
741 3359 894 3416 lenitatem
914 3361 1016 3435 ‹lecin-

49 3444 112 3500 'rot
143 3440 264 3518 (Cicero
291 3456 405 3521 gentem
434 3441 622 3522 Corneliam),
676 3445 760 3511 erod
788 3444 1015 3502 atltlitamcnrum

57 3547 117 3602 qna
145 3531 259 3585 ratione
289 3527 405 3601 posthac
433 3530 463 3584 in
490 3530 576 3586 verba
600 3529 661 3602 ipsa
687 3531 851 3602 irrepserit,
881 3532 1015 3585 facillime

57 3614 248 3691 intelligitnr3
272 3615 403 3669 librarius
425 3616 516 3680 enlm,
540 3615 589 3688 (pri
613 3626 710 3688 postea
731 3615 816 3672 hosce
839 3616 874 3670 tle
893 3615 1016 3691 Legibus

57 3699 148 3757 libros
176 3697 341 3775 descripsit,
375 3700 493 3754 verbnm
521 3699 660 3756 declaret
693 3702 803 3778 incuria
830 3688 950 3774 qrra'rlam
981 3699 1016 3752 alr

58 3785 155 3844 verlris
178 3786 285 3841 etenim
309 3783 422 3840 Ennina
444 3782 480 3840 ‹le
502 3784 532 3844 A.
557 3787 653 3841 nlresse
675 3789 808 3858 opinatus
829 3785 913 3840 talem
937 3781 1017 3840 elfin-
1053 3845 1055 3849 y

57 3873 104 3927 xit
127 3872 314 3941 reticentiam,
344 3871 455 3945 qualem
478 3871 562 3929 lrmlie
583 3873 720 3950 legimns:
749 3868 886 3931 necteret
908 3869 1024 3927 etenim·
