2304 4320
93 302 179 379 542
249 300 577 367 nuuornnouce
620 300 795 367 curun.
822 308 857 385 9.
875 308 946 367 rso.

94 476 174 559 quod
209 494 325 536 emmo
360 475 544 555 reipublicae
578 477 610 535 in
648 475 748 536 leuius
790 476 916 537 honore
948 488 1050 538 tontole.

97 564 214 623 Graec.
245 562 312 637 Ed.
339 564 429 623 148⁰.
451 564 557 619 ‹liserte
578 580 698 619 tonna
721 564 920 641 respublica
945 564 1049 623 Goratn

182 648 254 707 (inu.
277 648 335 706 hil.
362 652 392 723 ᾗ.
412 648 482 706 leo.
528 645 724 707 crudelitato
748 653 933 723 sanguinis
949 652 1049 730 perlito]

95 732 162 793 Non
185 734 283 793 ierunt
304 750 388 791 eures
409 752 489 789 mene
515 734 543 789 in
566 731 708 790 Cicerone
738 736 945 793 crudelitato
965 741 1049 812 congri

96 822 144 879 nie
164 819 294 899 perlini,
316 838 368 875 nee
390 816 445 875 hoo
464 820 517 875 ulli
539 820 589 875 olii
611 819 884 892 condones-emus,
910 824 960 897 qui
980 842 1049 877 nino

96 909 142 963 nie
164 908 324 981 elegnntine
352 914 464 977 spretor
488 922 547 960 non
569 916 652 960 esset.
698 904 888 983 legendum
913 907 1048 964 crudelitati

96 992 245 1063 sunguine
271 988 440 1068 perlilnrt't.
483 988 567 1055 Quod
595 990 827 1066 elegentissime
859 995 998 1067 exprimit
1012 1013 1049 1048 cn·

97 1076 245 1133 delitntetu
268 1075 392 1131 hotuinis
414 1072 584 1129 Crudelitnti
613 1077 697 1148 quasi
728 1075 811 1132 dene
842 1096 935 1134 sacro
957 1079 1048 1134 lacinto

96 1162 180 1235 eique
196 1161 359 1233 perlitontie
381 1160 443 1215 sire
465 1160 664 1235 καλλιεροῦντας
685 1164 844 1238 sanguine
860 1162 981 1234 Roscii,
1000 1182 1049 1237 qun

96 1247 285 1321 spoliaverat,
306 1243 361 1303 hoc
382 1255 443 1313 eet,
464 1246 605 1317 explentis
620 1245 852 1318 crudelitatem,
878 1260 917 1304 nt
935 1250 1048 1305 avaritiae

97 1332 155 1387 inm
184 1331 358 1404 expleveret.
405 1326 539 1386 Clericus
565 1330 627 1387 Art.
655 1327 728 1387 cru.
755 1329 818 1401 ΙΙΙ,
858 1335 896 1404 Ι,
930 1336 959 1390 8.
997 1333 1048 1410 lnge

96 1417 179 1471 niosn
201 1415 314 1487 quidem
338 1414 500 1470 coniectura
523 1425 551 1471 et
573 1415 738 1487 commode,
769 1435 835 1472 non
862 1431 966 1475 tamen
987 1437 1049 1474 nece·

96 1501 183 1556 serio.
219 1498 296 1565 Quid
318 1508 362 1555 est
383 1500 458 1554 enirn
481 1499 636 1556 crudelitas
656 1500 840 1577 sanguinisi
871 1503 999 1560 Omnino
1009 1521 1049 1558 nn-

97 1586 164 1663 guis
187 1601 237 1659 per
259 1583 457 1640 crudelitatem
480 1582 595 1642 effusus.
637 1584 722 1647 dorset
753 1605 807 1642 ens
832 1591 1051 1646 eonnnutotiono

95 1688 201 1727 vocum
230 1667 331 1726 Cieero
359 1680 445 1743 ntque
475 1668 528 1724 hnc
556 1681 618 1726 orte
647 1672 813 1728 novitatem
846 1692 927 1730 strue
957 1674 1051 1730 orntioni

98 1754 407 1828 edniirshilitntetnque
428 1756 572 1811 conciliat.
616 1754 669 1810 Vel
697 1757 727 1810 in
758 1754 816 1812 hnc
849 1760 922 1832 ipsu
951 1761 1053 1816 oration

97 1842 189 1896 multe
210 1839 284 1894 ferre
307 1858 365 1896 non
388 1851 519 1914 possent,
542 1840 592 1913 qui
614 1858 698 1895 nureo
712 1838 827 1899 hahent
846 1856 968 1901 tuntum
983 1863 1052 1922 gran

96 1927 225 1982 mutiens.
269 1922 337 1997 Cap.
360 1926 388 1980 2.
407 1926 567 2002 pecuniam
592 1934 654 1980 tom
675 1924 812 2003 plenam.
849 1949 920 2003 cop.
944 1932 973 1986 5.
1005 1948 1052 2007 pn·

97 2010 213 2067 lidieno
235 2011 391 2085 sanguine.
426 2029 486 2084 enp.
512 2013 560 2066 lo.
587 2012 725 2087 quoniam
748 2014 890 2070 critnine
914 2036 974 2073 non
992 2024 1053 2093 pote-

96 2104 185 2164 rant,
209 2104 339 2174 tempore
362 2097 426 2170 ipso
444 2106 628 2173 pugnarent.
671 2098 749 2162 Quin
774 2111 822 2153 est
848 2102 883 2155 in
908 2100 966 2157 hoc
987 2102 1053 2179 signi

95 2181 200 2247 licendi
228 2182 273 2239 vis
300 2183 392 2237 maior
418 2192 447 2237 et
469 2182 607 2255 quaedam
628 2183 780 2237 eolorondi
803 2183 961 2258 efficacia,
992 2205 1053 2261 quan

95 2265 257 2341 philosophi
275 2285 334 2322 non
356 2277 479 2335 norunt,
501 2267 548 2321 sed
572 2269 640 2324 honi
661 2279 794 2322 oratores
818 2268 954 2344 hahent,
978 2291 1054 2348 quen·

96 2351 249 2407 admodum
272 2363 382 2423 poetae.
418 2348 564 2410 Olivetue.
593 2351 647 2408 Ed.
665 2354 756 2408 1480.
778 2356 959 2430 praeditus
979 2361 1054 2430 sicque

96 2439 184 2509 uline3
209 2436 285 2509 quod
307 2448 351 2492 est
372 2449 430 2492 tani
453 2436 554 2505 nihili,
576 2449 626 2508 ut,
649 2439 697 2511 qni
720 2448 868 2512 tuentur,
894 2462 998 2514 nenio,
1017 2442 1055 2497 nisi

94 2520 180 2579 homo
198 2520 296 2594 nihili,
320 2539 380 2575 esee
402 2524 500 2596 possit.
549 2522 696 2578 Gnrntou.
738 2521 804 2579 En!
831 2545 934 2603 grove
958 2530 1055 2595 dictum,

96 2607 173 2681 quod
202 2625 269 2663 sone
298 2607 439 2662 deterrent
469 2608 504 2662 nh
539 2607 708 2682 inquirendo
737 2611 889 2667 veritatis
922 2615 1056 2670 studiosos.

94 2694 133 2749 At
155 2711 248 2767 neque
263 2693 395 2748 Olivetus
417 2710 509 2766 neque
526 2692 700 2749 Garatonius
713 2692 863 2750 ridentur
882 2701 1055 2773 perspexisse

96 2777 164 2850 quid
183 2780 222 2831 sit
244 2777 330 2845 illud,
354 2777 431 2850 quod
451 2796 551 2833 revera
571 2776 698 2835 Clericus
719 2778 963 2850 reprehenderit.
998 2780 1056 2849 Qun

94 2860 190 2917 enitn'l
224 2860 363 2918 Clericunt
392 2875 450 2918 torn
479 2861 607 2919 hebetem
634 2863 722 2919 fuisse
749 2881 824 2919 num
852 2870 1055 2935 credibilem,

93 2957 126 3003 ut
154 2966 211 3002 non
235 2949 424 3019 intellexerit,
454 2947 531 3003 dieto
560 2949 629 3005 haee
658 2966 718 3003 esse
745 2966 801 3020 pro
825 2954 978 3026 perlitus
1003 2972 1056 3010 oen·

91 3032 184 3106 guine
206 3032 409 3089 crudeliesinte
432 3031 546 3109 effuso?
576 3033 630 3089 Est
658 3033 790 3107 profecto
820 3037 858 3091 in
894 3038 943 3095 his
970 3040 1055 3099 rerhis,

93 3116 170 3191 quod
192 3136 332 3174 summanr
353 3120 444 3192 possit
465 3137 561 3174 oreore
583 3119 797 3192 ‹lidicultnten13
834 3139 936 3196 quarn
958 3142 1055 3199 persue-

92 3220 155 3257 enm
183 3201 254 3258 mihi
283 3214 326 3259 est
355 3222 501 3262 removere
528 3206 654 3261 voluisse
676 3202 833 3262 Clericum.
889 3208 969 3268 Dico
998 3209 1054 3264 enin

90 3287 211 3342 verhum
228 3287 376 3363 perlitus,
401 3289 478 3364 quod
500 3288 575 3363 opud
597 3290 687 3344 honae
708 3298 797 3343 notoe
820 3295 992 3366 scriptores
1011 3309 1055 3349 non

90 3372 208 3430 videtur
222 3374 346 3430 inveniri
362 3390 490 3448 usquam.
530 3373 659 3430 Laudent
673 3371 764 3428 Pinut.
779 3372 850 3432 Cos.
869 3377 911 3447 lt,
926 3383 956 3436 3.
980 3400 1006 3436 ν.
1018 3378 1054 3433 23.

89 3453 220 3514 Senectn
235 3466 338 3513 netole
351 3461 511 3532 unguentis
519 3457 652 3536 perlitus
669 3459 780 3533 igneve-
797 3462 936 3521 incedis.
967 3465 1053 3520 Veron

89 3552 185 3599 tomen
207 3543 271 3602 edd.
294 3553 366 3600 vett.
391 3554 593 3619 unguentatus
615 3547 725 3619 ignoce
747 3544 807 3600 inc.
857 3547 968 3622 Neque
989 3549 1053 3607 sile·

89 3637 137 3682 tur
155 3630 271 3705 perlini
292 3629 462 3705 investigari
487 3649 568 3703 posse
590 3648 727 3704 nequent,
757 3630 817 3684 nisi
841 3636 931 3705 opud
953 3635 1052 3691 serioris

90 3714 156 3768 nevi
183 3728 323 3770 auctores.
367 3712 403 3768 cf.
431 3713 544 3785 Apulei.
572 3714 640 3773 Met.
664 3713 718 3780 ht,
753 3731 780 3785 p.
810 3715 889 3774 138.
936 3716 1051 3777 Elnrenh.

89 3795 200 3854 Colum.
226 3800 290 3871 ΙἸΙ,
324 3799 352 3858 5.
374 3832 417 3843 —
461 3797 572 3854 Deinde
602 3801 738 3854 librorum
760 3800 936 3870 pondereto
959 3807 1050 3862 disere·

88 3884 231 3955 pontiam,
260 3904 380 3961 quorum
408 3883 526 3960 plurimi
554 3882 689 3941 exhibent
705 3883 903 3962 praeditue‚·
941 3904 968 3949 et
988 3890 1049 3945 iete-
