2280 4328
205 295 525 361 annotanonra
567 298 648 357 cnr.
662 297 769 357 xun.
790 302 821 377 a.
838 300 910 359 raa.
961 298 1045 375 351

83 493 161 533 usse
181 473 350 545 retexam
371 470 410 528 el.
432 468 493 529 cie.
515 469 552 525 de
575 467 664 531 Otfie.
687 469 711 541 l,
732 489 759 527 a.
781 471 832 530 ut.
854 468 968 552 §.122
991 474 1048 531 Aa·

85 581 137 637 qae
166 562 259 617 etiarn
288 578 374 637 qaum
402 555 549 614 relaxare
570 557 686 612 animae
708 566 738 613 et
760 555 836 614 dare
857 576 889 613 se
912 558 1047 617 iucundi·

87 648 145 703 tati
173 644 283 703 colent.
323 643 405 700 Brut.
427 660 453 697 o.
476 641 505 697 5.
535 640 559 719 §-
581 642 633 701 ul.
663 641 775 699 relaxa
802 641 886 699 niodo
912 643 1048 719 pauliani

87 734 218 789 animum
240 740 294 787 aut
315 747 409 797 eane,
431 727 581 802 adpetes,
604 725 709 781 libera.
737 728 774 783 de
796 728 880 783 Orat.
903 726 949 797 ΙΙ,
971 748 996 785 c.
1019 732 1048 788 ὅ.

84 816 113 893 §-
134 819 189 874 22.
231 814 364 884 Accedit,
386 811 463 886 quod
484 830 545 867 non
565 813 629 867 sine
651 811 747 870 ironia
768 812 893 887 quadam
914 823 946 869 et
965 833 1050 873 acer-

85 901 178 959 bitate
201 901 310 957 dictum
332 898 449 955 ridetur
478 915 530 959 an.
554 895 718 953 relaxandi
745 918 787 967 a,
818 908 848 955 et
868 899 1050 973 improbiasi·

85 1005 150 1045 nos
178 989 230 1043 ille
256 985 411 1043 libertinus
440 983 606 1038 accuratius
634 981 832 1054 describatur,
863 986 969 1059 quippe
1000 989 1050 1061 qai

85 1075 257 1148 rapinarum
278 1070 383 1127 ardore
403 1076 491 1142 atquo
507 1067 641 1123 dolorum
656 1065 960 1146 machinationumque
974 1075 1050 1129 rnole

85 1159 266 1235 defatigatus
295 1157 327 1212 in
347 1172 400 1211 rus
421 1171 505 1209 suum
527 1171 679 1209 amoenum
708 1172 924 1229 nonnumquam
946 1158 1050 1216 solitus

86 1246 127 1299 sit
163 1242 317 1312 secedere,
350 1249 385 1295 nt
419 1240 549 1295 enimam
582 1241 740 1313 paullisper
774 1242 926 1298 relaxaret
956 1260 1049 1301 suum.

86 1327 235 1404 Quicquid
257 1327 288 1382 id
310 1335 370 1395 est,
392 1326 507 1380 retineo
528 1321 668 1380 librorum
690 1326 874 1400 scripturam.
896 1358 937 1373 —

173 1411 201 1493 §.
212 1412 280 1469 133.
301 1410 432 1488 pretium
444 1410 626 1489 enarres-an]
641 1409 709 1467 Non
722 1413 753 1467 in
770 1411 825 1469 bae
839 1414 965 1470 lectione
978 1432 1050 1473 con-

84 1499 221 1557 sentiunt
233 1496 310 1554 libri.
332 1493 395 1553 MS.
403 1496 479 1569 apud
494 1494 612 1554 Gruter.
625 1496 691 1553 edd.
707 1495 868 1570 patrabant
881 1518 1050 1562 nascerere.

84 1583 150 1643 MS.
167 1583 224 1641 Gu.
238 1600 422 1641 enanerare.
444 1580 589 1638 Gruterus
605 1583 730 1657 corrigit
751 1586 896 1657 praeconi
908 1584 1051 1645 adnuere·

84 1674 168 1741 sari,
181 1672 250 1744 quia
262 1670 293 1725 in
302 1666 364 1725 tls.
379 1664 546 1723 stratoria
561 1675 626 1721 erat
635 1684 833 1742 praecoenass
845 1685 898 1741 pro
910 1674 1050 1745 pretium.

83 1754 175 1815 ttae.
204 1753 325 1812 Summa
338 1753 425 1827 pretii
440 1771 500 1809 non
513 1751 642 1820 auditur,
655 1768 720 1807 cnm
734 1754 857 1827 pecunia
871 1768 1050 1832 numeratur,

82 1860 182 1917 neque
205 1841 328 1915 pecunia
348 1836 472 1895 dabatur
492 1839 640 1912 praeconi,
661 1836 711 1894 sed
726 1838 878 1915 magiatria
896 1844 1051 1901 auctionis.

82 1926 148 1985 Sed
170 1927 261 2000 pretii
282 1938 394 1981 summa
415 1922 604 1994 audiebatur,
629 1941 694 1979 cusa
717 1941 822 1997 praeco
845 1928 1051 1998 pronuntiabat

82 2015 225 2089 pretium.
268 2010 369 2077 Quint.
390 2028 415 2065 c.
441 2010 489 2067 15.
517 2028 576 2066 aaa·
595 2011 755 2085 praeconia
775 2010 936 2087 praedicat
958 2016 1051 2083 eonfi-

85 2101 191 2175 cs‘tpae
213 2098 355 2174 pretiosa.
398 2094 451 2151 llla
480 2096 572 2171 igitur
594 2095 773 2168 praedicatio
794 2098 947 2168 praeconis
968 2098 1053 2157 debet

85 2203 155 2241 use
178 2186 210 2239 in
225 2180 317 2239 verbo
338 2181 529 2251 anantes-ank
551 2190 652 2254 estque
668 2180 870 2256 accipiendam
883 2200 967 2239 sensu
984 2204 1053 2260 pro.

84 2267 277 2327 nunciandae
303 2269 461 2342 pecuniae;
491 2265 567 2339 quod
593 2284 647 2321 nec
672 2268 760 2322 nimis
781 2264 919 2323 abhorret
939 2269 975 2325 ab
996 2290 1053 2329 usn

87 2358 155 2412 eius
176 2352 279 2427 verbi,
301 2354 357 2408 nisi
379 2353 513 2407 malimus
535 2353 683 2428 corrigere
705 2353 873 2421 enunciari,
894 2355 970 2429 quod
983 2376 1054 2433 pro.

86 2438 248 2497 nuntiandi
270 2440 330 2493 vim
352 2436 447 2493 babet.
468 2435 588 2494 Ernest.
631 2434 705 2493 Mire
720 2436 835 2493 codices
852 2439 931 2496 inter
945 2460 976 2497 se
991 2444 1053 2499 dia-

88 2534 231 2599 erepant;
252 2524 312 2581 vid.
332 2521 418 2581 Varr.
436 2521 529 2578 Lectt.
573 2522 652 2588 (luae
675 2521 761 2580 lindie
784 2525 814 2578 in
837 2525 969 2583 omnibus
992 2528 1053 2587 fere

90 2607 311 2684 exemplaribus
341 2610 451 2686 legitur
478 2609 623 2681 scriptura
651 2611 700 2686 qai
724 2618 954 2685 praetereuntes
983 2634 1055 2689 pre-

89 2698 168 2754 te‘seas
197 2684 369 2751 ens'aserari
403 2693 584 2761 audiebant,
614 2711 648 2748 ea
678 2696 725 2749 rel
755 2696 785 2749 in
817 2713 851 2750 eo
881 2699 1008 2753 inaxisne
1036 2720 1054 2756 a

88 2780 179 2839 libris
200 2779 321 2851 recedit,
343 2778 419 2853 quad
433 2781 566 2834 voculam
588 2778 659 2855 quid
679 2788 748 2835 ante
768 2782 899 2854 pretium
921 2784 952 2837 in
970 2784 1054 2844 codd.

89 2866 155 2923 fere
175 2864 310 2921 omnibus
330 2864 454 2922 obviam
476 2866 595 2921 omnino
623 2864 749 2940 ignoret.
793 2864 858 2930 Quo
879 2881 1054 2945 argumento

90 2952 304 3009 Steinmetsiua
325 2968 394 3025 prae
416 2952 523 3006 ceteris
544 2968 613 3004 uaria
633 2951 676 3004 ita
698 2961 753 3016 est,
775 2961 808 3004 ut
830 2951 912 3009 codd.
935 2953 1016 3013 l’arr.
1039 2961 1049 3014 l

91 3048 123 3094 et
145 3040 167 3092 4
191 3045 220 3092 et
241 3036 304 3092 cod.
327 3034 358 3092 S.
385 3036 510 3092 l'ictoris
540 3036 668 3112 vestigia
695 3050 834 3109 sequutus
862 3035 938 3095 lianc
966 3061 1056 3101 exco-

92 3124 207 3201 gitarat
229 3123 408 3196 praeclaram
430 3140 517 3190 aane,
547 3120 624 3195 quod
645 3120 682 3176 ad
705 3123 832 3199 vestigia
853 3123 916 3196 ipsa
937 3130 1055 3203 attinet,

92 3208 309 3265 coniecturam:
338 3216 387 3277 at,
417 3208 467 3282 pai
486 3215 732 3281 praetereunter,
760 3207 831 3284 qaid
850 3227 961 3285 praece
984 3235 1056 3271 enn-

91 3301 247 3361 auraret,
275 3290 438 3349 audiebant
460 3302 513 3348 ete.
556 3290 663 3347 Verum
685 3303 781 3349 tamen
811 3312 856 3350 me
883 3296 968 3355 doleo
991 3303 1056 3356 viro

92 3378 267 3435 doctissimo
298 3396 356 3435 non
388 3396 472 3451 posse
502 3377 674 3451 adstipulari
705 3380 752 3434 vel
782 3392 950 3456 propterea,
978 3384 1056 3458 quod

93 3463 188 3523 verba
209 3463 281 3540 qaid
303 3496 342 3507 -
365 3472 554 3520 enumeraret
583 3477 780 3538 exsequente
802 3467 966 3525 audiebant
987 3482 1057 3542 apta

92 3568 160 3607 esse
183 3566 244 3605 nan
265 3558 394 3624 pcaaunt.
439 3548 515 3615 Quid
538 3545 634 3604 enimi
663 3561 881 3627 praetereuntes
902 3554 949 3607 ubi
974 3573 1058 3628 prae·

93 3652 201 3692 conam
222 3634 380 3690 audiebant
401 3634 634 3708 praedicantem,
654 3655 724 3693 nam
746 3638 834 3694 iidem
857 3637 915 3692 dici
938 3654 1059 3712 possunt

92 3720 226 3791 audisse,
248 3719 318 3794 quid
332 3715 535 3777 enumeraret?
556 3720 655 3790 immo,
677 3721 753 3797 quod
766 3722 964 3795 enumerabat,
979 3728 1058 3784 clare

94 3804 218 3863 auribus
239 3823 339 3861 eorum
360 3806 506 3863 redditum
528 3816 582 3861 est.
609 3804 726 3863 Etenim
746 3804 804 3863 lrao
824 3804 937 3865 auiam
949 3808 1059 3887 Latini,

95 3902 131 3949 ut
153 3901 216 3949 tum
238 3891 353 3947 demum
373 3891 473 3948 dicant
493 3888 615 3967 audire,
637 3890 710 3971 pisid
728 3906 757 3947 a·
775 3890 942 3967 dipl&
961 3906 1060 3959 enm.
