2304 4320
93 280 183 358 204
247 274 569 342 emortuorum.
610 275 694 339 oss.
720 276 802 341 xu.
836 282 870 359 s.
894 282 943 341 ce.

95 458 127 514 in
149 451 281 534 populo?
314 470 410 511 nonne
436 469 548 509 omnen
573 451 844 530 exsuperantiam
868 450 1029 510 uirtutitolo

94 538 186 598 couti
214 538 250 596 dc
271 536 364 594 Finib.
389 535 432 607 ΙΙ,
461 555 486 594 c.
508 536 538 594 3.
567 533 594 619 §.
617 538 645 594 7.
676 537 766 594 inire
789 555 851 613 pro
876 535 1030 614 Rose‘cll

96 625 211 710 §.152
233 641 286 698 pro
308 621 392 679 Aroh.
421 640 445 678 o.
459 624 489 677 4.
511 618 537 703 §.
552 624 582 680 u.
610 640 675 680 cum
698 621 859 680 Lumbino
882 620 1030 698 reponet

96 712 191 791 (vulg.
214 707 266 786 ot)
295 705 474 764 domicilium
501 704 614 764 Romae
643 727 702 766 nou
734 706 858 765 habuit
887 709 931 779 ie,
957 709 996 785 qui
1011 739 1030 751 -

95 791 275 854 collocavit?
311 789 409 860 Quint
448 793 479 848 in
507 790 585 848 hisce
614 792 689 867 quod
720 793 832 850 locum
863 793 967 852 hebere
986 810 1031 868 pin

95 879 244 950 concedis,
265 875 296 933 id
317 877 420 952 quovit
441 878 562 956 pignore
582 876 742 935 contendes
766 879 928 936 soloecon
947 878 1030 948 erse,i

97 966 146 1043 qui
167 963 294 1023 voluerit
321 960 397 1018 idem
425 961 493 1018 dere
521 980 617 1019 nonne
637 960 822 1037 porticulisl
858 968 902 1022 At
923 965 952 1020 in
969 962 1031 1039 priori

97 1052 149 1109 ltus
175 1048 292 1126 negotio
321 1056 386 1121 post
412 1046 610 1125 interrogandi
636 1048 821 1122 particulam
857 1051 1030 1117 collocetstt

95 1153 152 1211 quo
174 1134 223 1204 lit,
245 1143 279 1190 ut
299 1130 382 1188 focile
405 1132 440 1188 ul)
462 1150 495 1188 es
517 1133 695 1211 seiungotur.
732 1133 854 1191 Audio.
893 1133 1029 1210 Locunlg'e

95 1232 145 1278 tur
171 1220 213 1275 sic
240 1216 419 1274 emendabis:
449 1235 490 1273 on
517 1214 571 1274 loo
592 1251 635 1263 —
656 1236 713 1274 nou
737 1217 959 1276 simillimum?
981 1216 1030 1276 Nu

97 1323 151 1380 que
173 1301 342 1361 antecedens
369 1311 415 1358 cot
441 1317 528 1376 quum
556 1321 624 1359 cusu
646 1301 776 1379 quodum
799 1303 854 1360 bis
879 1316 955 1362 esset
973 1319 1030 1360 exin

95 1401 173 1460 tum,
196 1385 268 1444 illud
289 1396 376 1444 eston
398 1388 428 1442 in
450 1395 533 1445 cotue
553 1398 774 1445 commutarunt
795 1389 933 1449 librarii.
971 1388 1030 1446 tui

95 1492 165 1533 vero
193 1470 247 1530 hoc
277 1490 335 1529 non
364 1489 435 1547 opus
463 1481 508 1529 est
535 1472 752 1545 emendatione,
789 1491 892 1550 quum
922 1494 986 1534 rens
1002 1474 1029 1529 'm

96 1559 202 1617 omniu.
243 1555 319 1614 Num
346 1574 431 1616 voces
453 1574 511 1615 nou
532 1556 713 1615 simillimum
736 1561 920 1618 arctissime
940 1568 1030 1618 sunto

95 1645 236 1722 gitationc
258 1642 485 1713 connectendas,
507 1643 549 1701 ita
570 1654 604 1701 ut
624 1661 675 1718 pro
697 1642 862 1703 dissimile
886 1645 951 1703 fere
966 1645 1030 1721 posin

97 1731 165 1786 siut.
196 1727 233 1784 ef.
255 1725 313 1788 Cic.
340 1726 377 1784 ud
399 1728 487 1786 Attio.
509 1725 597 1801 XlV,
624 1730 670 1785 14.
703 1731 733 1804 ᾖ.
760 1720 792 1786 ὅ.
844 1728 994 1790 Potcrose
1008 1742 1029 1785 ot

96 1815 177 1892 ipsos
199 1832 256 1871 non
279 1811 424 1884 laudare,
452 1815 503 1890 qui
530 1823 559 1871 te
586 1813 814 1891 obsignatorem
850 1806 1030 1875 adhibeor&

95 1903 115 1956 i.
130 1920 154 1956 e.
177 1910 314 1975 poterone
335 1900 509 1955 contumelia
530 1917 578 1956 eos
600 1898 724 1971 officere,
750 1903 806 1976 qni
831 1913 868 1961 et
893 1920 923 1980 q.
942 1923 964 1961 s.
992 1897 1031 1957 lrlt

96 2003 148 2060 pro
175 1983 261 2054 Ruso.
293 1986 321 2058 ξ.
347 1984 416 2039 122.
467 1982 549 2054 Quid
577 1981 693 2061 igitur?
729 1984 1031 2066 Chrysogonum!

94 2069 237 2142 maleficii
258 2067 427 2126 occultandi
454 2087 564 2127 oouoeo
591 2070 798 2148 quaestionem
831 2073 877 2132 de
902 2074 953 2133 leis
972 2066 1032 2131 lold

96 2174 154 2213 uon
182 2152 267 2212 volti
303 2154 352 2211 ubi
380 2156 443 2210 iure
472 2153 677 2212 Steinmetzius
708 2157 799 2215 suine
830 2178 876 2217 ex
909 2160 1032 2232 coddtt

95 2242 174 2319 vulg.
203 2241 251 2297 sui
278 2241 414 2296 restituit.
458 2237 568 2297 Similis
591 2241 769 2299 Graecorum
800 2243 936 2303 dicendi
957 2258 1033 2303 contu

95 2325 181 2399 tud03
204 2325 240 2381 of.
263 2322 396 2400 Sopltool.
417 2325 463 2381 Αἱ.
485 2346 513 2384 v.
529 2327 619 2383 1131.
647 2326 670 2385 εἰ
690 2325 755 2393 τοὺς
777 2328 940 2400 θανόντας
960 2326 1033 2390 cisti

95 2411 130 2489 (1.
152 2430 176 2467 e.
197 2407 388 2487 ἆπαγορεύεις)
410 2409 527 2470 θάπτειν
546 2409 649 2489 παρών.
677 2412 713 2468 cf.
729 2410 840 2472 Herm.
868 2417 910 2475 ad
930 2419 1033 2496 Viguit

94 2497 165 2554 309.
198 2496 234 2553 ed
262 2495 391 2569 Euripid.
420 2493 493 2553 Med.
527 2515 554 2572 p.
583 2499 653 2554 344.
682 2499 755 2554 361.
789 2497 911 2560 Mutth.
944 2499 1034 2562 Gnllr·

92 2582 119 2655 ᾗ.
143 2584 222 2655 608,
255 2581 282 2638 b.
305 2599 332 2656 p.
357 2582 448 2637 1221.
491 2583 575 2650 Quod
604 2602 692 2659 quum
718 2584 762 2640 ita
785 2586 848 2659 sit,
885 2583 1035 2668 nogennio

91 2671 154 2725 loeo
177 2675 243 2744 post
263 2685 299 2724 ue
320 2668 484 2741 postuletur
504 2671 649 2744 responsio
672 2666 717 2725 off.
739 2668 823 2727 infru
850 2669 882 2753 ξ.
908 2668 1047 2743 111111,

92 2751 271 2812 redooituel
303 2769 361 2808 uon
388 2749 414 2833 ᾗ.
440 2754 507 2809 107.
530 2755 711 2833 poteritisne
740 2752 915 2831 dubitare,
948 2750 1047 2822 iudos*

95 2841 147 2916 qui
174 2834 342 2898 iudicarit?
375 2839 444 2894 item
473 2835 499 2919 ᾗ.
524 2841 594 2897 122.
623 2837 739 2896 Tuscul.
763 2836 796 2912 l,
828 2861 859 2899 o.
886 2847 943 2902 27.
971 2842 993 2927 ᾗ
1010 2841 1037 2899 tl.

93 2922 213 2983 Reieete
238 2927 331 3006 igitur
352 2921 499 2980 Rufiniuni
523 2927 666 2999 scripturn
686 2923 830 2982 librorum
856 2932 1038 3004 sequiorem

92 3009 209 3084 ritatem
236 3010 404 3077 maluimus,
435 3011 604 3082 praesertim
632 3028 736 3085 quum,
764 3011 791 3066 si
820 3013 963 3072 eiusdem
984 3009 1040 3072 Ru

93 3093 175 3150 niani
209 3096 297 3154 verbu
327 3094 455 3152 volueris
484 3093 651 3172 diligentius
681 3093 863 3170 ponderare,
906 3097 1040 3157 Garatom

90 3178 224 3235 videntur
254 3177 485 3254 adstipulondum
521 3197 581 3236 esse
609 3177 783 3237 Fioobriauo
820 3201 891 3241 nou
928 3187 1042 3259 scriptun

90 3261 179 3319 fuisse
201 3266 343 3337 censenti,
373 3264 414 3320 itu
442 3276 475 3323 ut
503 3265 577 3340 opud
607 3264 736 3322 eumdem
756 3280 921 3327 remanent
941 3267 1043 3348 negatis

92 3348 170 3415 Quin
206 3358 316 3420 statue,
357 3348 432 3423 opud
462 3349 646 3425 Rufinianum
680 3349 769 3406 luisse
806 3355 963 3429 scripturn
994 3351 1044 3409 hot:

91 3430 282 3509 Fimbrioeuo
305 3453 326 3490 u
347 3436 411 3491 sim.
432 3436 453 3492 i.
475 3455 499 3491 e.
522 3434 673 3493 Fimbriae
695 3454 753 3493 nou
775 3438 845 3494 sim.
871 3472 922 3484 —

175 3517 201 3602 §.
225 3518 276 3576 34.
319 3516 387 3589 loo,
416 3521 489 3598 quio
506 3520 551 3592 fit
573 3540 593 3578 o
617 3519 827 3597 Chrysogono,
861 3544 929 3584 nou
951 3534 997 3584 cst
1006 3523 1046 3599 sc

89 3603 233 3682 rendum]
256 3601 393 3661 Mendum
414 3607 642 3681 apertissimum
673 3615 759 3664 vocnt
781 3609 864 3666 enim
892 3612 1046 3691 negotiosi

88 3692 261 3751 sententium
283 3687 451 3764 depravet·
474 3689 572 3765 ltaque
592 3694 624 3749 in
645 3707 714 3748 uum
735 3695 881 3751 nonnulli
905 3714 973 3754 eum
987 3712 1045 3753 con·

90 3789 217 3850 mutant,
240 3786 273 3834 ut
289 3792 355 3832 oum
375 3776 574 3853 interrogandi
595 3787 664 3834 notu
678 3778 811 3855 legatur3
835 3782 955 3854 quibus
967 3795 1045 3840 utut·

88 3864 154 3922 tior.
177 3861 299 3922 Hotom.
342 3858 543 3921 Conieotnrum
564 3864 599 3921 ub
622 3860 787 3923 Hotomnno
810 3864 959 3926 sollerter
978 3882 1045 3925 exst
