2304 4320
202 302 529 384 ssuorsnones.
572 303 789 367 csexxuc
811 309 904 386 psa
955 305 1041 385 aaa

71 480 200 541 liberunt
216 479 395 560 perfusorio
416 478 548 550 dixerit,
563 479 768 538 sardinorum
791 489 891 537 autem
914 480 1041 539 liberta-

71 569 114 627 tis
136 566 300 638 celaverit,
322 567 394 624 emti
413 565 532 623 iudicio
544 564 709 637 tenebitur,
730 567 759 623 si
771 567 913 623 nescierit
928 577 1040 640 emtor3

71 664 103 711 et
120 652 215 728 paulic
229 663 309 725 post:
339 648 439 708 Sicuti
456 651 507 728 qui
519 649 654 724 fundura
673 651 786 721 tradit,
809 659 839 708 et
856 671 943 729 quum
960 655 1040 711 reiut

71 747 189 796 eertum
211 738 387 794 servitutem
410 736 528 806 deberi,
553 736 730 813 perfusorio
752 736 885 806 dicerit,
916 739 1057 812 itinero,-

73 832 180 893 eetus‚
203 822 308 900 quibus
331 830 417 892 sunt,
446 821 658 898 stipassent,
688 830 769 879 recte
792 823 1040 900 recipitur-,eni-

73 909 183 967 ots'oas's
217 907 334 986 quidem
365 907 481 964 nomiae
511 925 544 963 se
573 905 700 978 liberat,
739 907 794 964 sed
822 909 893 984 quia
924 909 1041 987 decepit

73 1002 231 1064 sertorem,
262 996 334 1050 emti
362 992 472 1049 iudicio
495 1000 639 1049 tenetur..
666 991 744 1049 Hinc
766 995 949 1050 assertiones
966 1014 1041 1073 per·

71 1080 222 1155 sutoriae.
267 1076 387 1135 Sueten.
416 1079 446 1138 in
471 1076 636 1134 Domitiano
661 1097 723 1150 cap.
746 1079 781 1136 8:
812 1090 1042 1156 recaeperotores

74 1184 113 1223 se
136 1183 168 1221 se
190 1163 379 1244 perfusoriis
402 1160 617 1220 assertionibus
645 1163 919 1236 accommodarent,
948 1165 1041 1224 ideoi-

76 1250 169 1309 sidem
190 1251 312 1308 monuit.
357 1246 407 1304 Sic
430 1249 506 1304 enisu
533 1248 574 1303 ibi
595 1242 711 1305 restitui
739 1267 774 1305 ex
797 1247 969 1308 Memmiana
991 1273 1041 1312 co·

76 1335 141 1393 dice
163 1333 237 1391 hane
258 1353 375 1403 rocem,
408 1351 492 1408 quom
516 1342 545 1387 et
567 1335 596 1390 in
611 1331 781 1409 x'l‘nronensi
804 1332 989 1394 casaubonus
1011 1352 1041 1398 et

75 1422 108 1479 in
129 1420 241 1477 duobus
263 1421 328 1476 eliis
350 1438 380 1475 se
399 1419 540 1494 reperisse
560 1418 651 1475 trudit
667 1415 811 1479 Cuiacius.
848 1418 1040 1484 Assertiuaes

71 1505 270 1586 perfusoriue
299 1516 367 1562 nunt
391 1505 548 1571 obscurae,
576 1522 633 1560 non
656 1504 750 1560 classe
771 1515 800 1560 et
823 1506 965 1580 liquidae,
994 1512 1039 1568 uti

75 1602 158 1668 petet
180 1591 350 1669 exlegibus
372 1590 477 1646 allatis.
510 1571 582 1645 ¹Nec
610 1587 692 1644 eliud
719 1587 766 1644 bic
796 1600 865 1663 poto
888 1609 949 1647 esse
967 1614 1040 1673 per.
1075 1624 1080 1637 ι

71 1675 208 1749 suadere
229 1676 356 1745 iudicio,
379 1693 463 1748 quoni
487 1675 665 1751 argumentis
688 1671 855 1745 perfusoriis
870 1677 912 1732 uti
929 1678 959 1733 in
973 1699 1040 1754 pra·

75 1760 171 1821 bando
194 1760 349 1834 parricidio
365 1756 448 1814 Sexti
463 1756 570 1814 Roscii.
585 1807 589 1817 ,
614 1759 636 1813 Α
658 1757 809 1834 perfundo
824 1777 892 1815 sane
906 1773 949 1819 est
965 1783 1042 1840 per.

71 1846 223 1923 sseore'us.
268 1843 349 1901 Haec
377 1841 536 1917 perfusoria
564 1853 733 1920 argumenta
754 1844 785 1899 in
809 1845 1041 1916 praecedentibus

76 1931 223 2005 capitibus
245 1931 286 1985 27
316 1939 346 1986 et
367 1930 417 1988 28.
447 1929 608 2005 exagitavit
635 1929 751 2006 egregie
778 1926 888 1986 Cicero.
909 1963 954 1976 -
990 1933 1041 1994 Sic

79 2015 118 2072 de
140 2013 194 2070 boc
216 2016 279 2071 loco
301 2013 473 2090 cogitabam.
517 2009 574 2068 Seu
597 2030 682 2086 quunr
706 2015 869 2070 accuratius
890 2034 954 2074 cunr
977 2035 1044 2095 post

77 2099 221 2175 pependi,
244 2098 317 2154 nibil
331 2097 410 2156 aliud
425 2097 541 2153 videtur
559 2099 631 2155 veile
644 2098 807 2175 significare
822 2096 933 2173 Cicero,
956 2121 1043 2179 quam

79 2202 136 2241 nos
157 2185 188 2239 in
211 2183 347 2240 iudicium
369 2184 431 2239 sire
458 2185 489 2238 in
510 2184 556 2238 ius
578 2201 699 2254 vocare,
730 2201 863 2241 accusare
889 2206 958 2246 vero
980 2188 1042 2251 Ro-

80 2269 158 2326 scios
179 2277 209 2324 et
230 2266 456 2347 Chrysogonum.
500 2265 573 2324 Nam
595 2278 628 2324 ut
650 2258 772 2325 laetitio
790 2271 977 2346 perfundere
999 2288 1044 2337 est

79 2352 193 2411 efficere
215 2356 343 2425 laetitia,
372 2354 413 2409 sic
441 2352 611 2429 perfundere
633 2353 740 2411 iudicio
765 2364 823 2428 est,
852 2358 877 2413 si
898 2359 940 2418 its
961 2362 1043 2439 loqui

78 2439 184 2510 liceat,
214 2439 321 2496 iudicio
344 2437 469 2509 officere,
499 2437 660 2512 priorisse,
689 2441 719 2495 in
741 2441 786 2497 ius
807 2460 926 2517 vocare,
957 2466 1043 2504 accu-

79 2542 154 2581 sare.
200 2523 312 2582 Gnaeo.
363 2522 424 2581 Noa
455 2523 565 2580 iudicio
592 2524 780 2604 perfundere
807 2525 835 2584 b.
866 2546 890 2584 e.
919 2534 1043 2604 speciem

80 2609 233 2684 quemdam
252 2610 351 2666 irssiioii
367 2609 449 2666 nobis
465 2608 627 2682 offundere,
649 2628 751 2668 resera
769 2622 864 2669 autern
887 2633 937 2672 eos
958 2635 1045 2673 occu·

80 2712 147 2751 sare
169 2707 222 2753 etc.
270 2695 321 2751 Est
343 2697 417 2751 enirn
442 2693 494 2752 boc
516 2696 546 2750 in
567 2695 631 2752 loeo
655 2696 844 2773 perfundere
866 2702 949 2771 quasi
971 2702 1045 2758 levi·

79 2789 127 2835 ter
149 2779 336 2855 adspergereg
366 2798 422 2854 qua
443 2780 655 2853 significatione
675 2793 832 2856 usurpatur
850 2784 1046 2860 perfusoritse

79 2881 100 2920 a
121 2861 231 2935 Seneca
252 2865 383 2937 Epistola
396 2862 517 2924 xxiii:
540 2863 646 2936 Haec,
669 2864 773 2942 quibus
795 2864 1046 2930 delectaturoul·

79 2966 157 3026 gres,
179 2959 296 3008 tenuem
317 2947 427 3006 babeat
450 2949 713 3027 superfusoriam
735 2951 930 3029 voluptutem.
973 2957 1048 3034 Spe·

80 3036 142 3091 cies
164 3035 255 3114 igitur
276 3036 405 3092 exterior
425 3033 526 3091 iudicii
547 3034 632 3091 buius
654 3033 855 3094 offundebatur
877 3036 967 3100 Sexto
984 3042 1046 3104 Ro·

81 3121 162 3192 scio,
190 3123 267 3178 ratio
289 3131 319 3176 et
341 3120 385 3176 vis
408 3119 530 3176 interior
557 3130 619 3177 tots
640 3119 793 3178 ridebatur
814 3124 844 3179 in
866 3122 1046 3189 adversarios

81 3223 233 3264 converse.
263 3202 393 3263 Foceiol.
436 3203 505 3260 Jure
521 3205 642 3262 accessit
656 3206 720 3262 viro
737 3206 838 3280 docte,
861 3207 1047 3288 Matthiaeus‚

82 3291 135 3364 qui
158 3305 271 3366 praeter
298 3289 372 3346 iilud
400 3308 436 3346 ex
458 3285 585 3346 Senecae
610 3290 693 3364 epist.
715 3291 863 3352 laudatum
884 3302 1045 3375 exemplum

81 3373 140 3431 boc
161 3375 243 3434 affert
264 3395 301 3433 ex
317 3373 376 3437 Cic.
394 3373 476 3432 Brut.
497 3395 523 3432 c.
541 3376 569 3432 9.
593 3372 620 3456 §0
636 3375 686 3431 38.
726 3374 858 3453 Μανία,
880 3384 1048 3464 atsatjan,

80 3458 184 3518 videre·
210 3461 335 3532 moluit,
367 3479 456 3539 peasa
483 3461 608 3538 grecis,
641 3460 696 3519 sed
722 3466 876 3525 saevitate
903 3488 956 3543 eo,
987 3489 1048 3546 pua

77 3547 283 3625 perfunderet
305 3549 438 3617 caimos,
461 3565 519 3604 aon
540 3565 600 3625 pun
619 3548 838 3626 perfringeret.

172 3628 200 3712 ξ.
221 3635 272 3690 80.
314 3630 419 3691 Nonne
447 3634 564 3708 cogitas
592 3632 660 3711 stc]
696 3630 886 3694 Scribendum
915 3646 958 3692 est
981 3638 1049 3696 sine

84 3715 190 3773 dubio:
218 3714 285 3775 Non
307 3719 432 3794 cogitas.
475 3716 599 3793 Nempe,
627 3721 770 3791 quomodo
798 3733 831 3779 tu
853 3720 932 3777 istud
953 3720 1049 3779 dicero

84 3811 169 3878 potes
189 3803 253 3858 sine
273 3804 377 3860 timore
399 3804 536 3879 periculi,
558 3822 610 3860 nec
633 3805 687 3860 tibi
707 3807 789 3878 venit
811 3807 840 3860 in
862 3814 996 3876 mentem,
1019 3821 1048 3865 te

85 3904 106 3945 ι
125 3888 288 3945 sectoribus
305 3900 500 3946 sccusstorem
522 3887 664 3952 deiectum
686 3908 748 3948 esse
768 3888 806 3946 od
819 3887 874 3945 hoc
887 3888 1046 3951 iudiciumi
