2304 4320
131 313 219 395 503
270 303 593 372 nnuornrionne
635 303 719 367 cnr.
732 304 914 373 xxxix.
937 313 969 389 p.
983 312 1043 370 ne.

136 497 170 546 ut
192 484 309 583 opiner,
332 480 456 538 eerreati
473 478 635 557 iudiaiipue
655 478 842 552 infantiam.
895 479 1000 559 Ege
978 500 1016 537 ne
1030 500 1087 538 cern

137 586 234 653 gerem
261 570 305 624 in
322 568 434 623 arianen
466 564 659 642 mandatique
694 564 854 621 iudiciuae
891 567 1010 640 insum
1034 585 1087 623 rae

139 665 238 714 eatur.
288 649 403 709 Etenim
432 650 548 721 infame
578 651 620 705 ria
647 651 781 723 accipie,
821 661 862 707 ut
896 654 996 726 priore
1021 654 1088 729 papiu

140 740 228 800 remei
248 747 335 811 atque
357 738 460 793 iterum
483 735 624 792 iudicium
646 744 755 808 turpe,
790 754 849 809 pro
878 755 936 806 ee,
960 736 1029 812 qued
1044 736 1087 792 infe

141 826 227 884 miani
249 840 283 878 ae
305 820 513 896 turpitudinem
535 819 627 881 effert.
670 817 721 875 Sia
737 823 836 877 etiam
859 824 976 895 pareim
992 823 1086 895 loquitu,

141 922 175 968 ut
196 910 228 965 in
249 906 372 964 eretien.
395 922 445 980 pre
460 903 581 962 Caecina
602 915 632 961 et
653 923 705 980 pre
727 905 766 971 Q.
784 903 910 963 Roscio
934 907 1027 963 multi·
1041 907 1086 962 leri

143 992 263 1052 Helene.
304 986 343 1046 ln
372 991 483 1046 erinon
514 989 710 1067 iudiciumque
740 992 877 1064 infame
910 988 1086 1068 vacatur]l'r

143 1078 274 1145 restitui,
297 1076 462 1132 eenieetura
482 1073 559 1132 haud
581 1075 666 1133 dubie
685 1075 806 1132 ductui.
858 1075 1011 1134 Iudicium
1029 1087 1086 1133 tutta

142 1163 250 1221 infame
271 1170 332 1229 ert,
354 1159 431 1235 qued
453 1161 523 1217 aiibi
546 1171 629 1233 turpe
650 1161 841 1233 appelletur,
869 1173 909 1219 ut
932 1181 985 1236 pre
1007 1159 1086 1218 Ceaiu

144 1248 184 1328 (a.
197 1247 227 1306 3.
249 1247 277 1323 ἦ.
294 1244 349 1321 8.).
384 1242 440 1301 Ea
462 1246 539 1302 enirn
562 1252 648 1323 turpe
670 1244 847 1317 indidem,-
873 1255 908 1303 et
922 1245 1086 1322 faatampti

144 1332 210 1391 dent
225 1339 322 1408 turpe.
360 1326 401 1385 Et
418 1331 513 1404 paullo
525 1342 593 1387 ente
606 1329 673 1408 (pre
691 1329 779 1386 Rure.
796 1332 836 1386 A.
863 1350 892 1387 a.
909 1334 963 1389 38.
985 1329 1085 1412 §.1in

144 1419 247 1494 itaque
274 1413 412 1471 mandati
438 1416 633 1472 eenetitatunt
661 1423 706 1472 eat
732 1413 919 1488 indiciam,
948 1437 1006 1474 nnn
1029 1417 1085 1473 aia

145 1511 248 1581 turpe,
277 1518 365 1578 paam
386 1499 483 1573 furti.
527 1498 638 1575 Turpia
668 1511 773 1557 eutem·
792 1502 919 1559 iudicia
942 1514 1026 1573 runt,
1046 1517 1085 1574 qna

145 1586 292 1645 infamium
313 1586 341 1640 ei
363 1585 503 1663 irrogant,
527 1587 576 1660 qui
593 1586 630 1641 iir
641 1581 760 1642 iiidieiiu
775 1585 948 1644 damnatus
962 1591 1011 1656 rit,
1029 1586 1084 1660 puli

146 1682 214 1731 runt
235 1669 379 1739 mandati,
400 1688 452 1744 pre
473 1671 571 1739 reaia,
593 1671 714 1740 tutelae,
743 1670 899 1742 fiduciae,
930 1673 1022 1743 furti,
1045 1669 1084 1726 ui

147 1774 204 1833 qun
224 1765 291 1811 eunt
313 1755 460 1810 eiusmodi.
504 1755 588 1823 Quod
612 1766 707 1812 nutem
729 1753 805 1811 iren.
832 1755 1035 1815 Boiimerneur
1054 1772 1084 1811 re

144 1842 210 1900 vult
230 1840 289 1918 legi
310 1841 342 1896 ia
364 1840 474 1897 crimea
496 1839 635 1896 mandati
654 1839 824 1917 iudiciique
850 1843 1023 1914 infamiam
1037 1857 1083 1897 rar

147 1935 254 1996 eatur,
282 1923 418 1981 Claudius
440 1924 586 1982 Puteanus
611 1942 682 1983 vere
709 1926 741 1983 in
771 1929 899 1986 crimea
927 1929 1083 2002 iudicianpt

147 2010 297 2086 infamiae
325 2019 468 2081 vacatur,
499 2021 601 2067 neutra
628 2011 713 2067 leetie
742 2013 856 2084 placet.
902 2012 1000 2086 Nem,
1029 2008 1082 2068 uti

146 2095 200 2154 hee
227 2096 384 2171 posteriore
411 2097 529 2169 loquar,
561 2095 703 2152 iudicium
724 2097 906 2171 infamiae,
943 2091 1081 2155 Latinelid

146 2200 205 2239 nen
227 2191 335 2256 poteat3
366 2197 458 2254 neque
479 2180 572 2236 simile
593 2192 652 2251 ert,
682 2182 759 2255 quod
782 2180 891 2240 Latini
922 2178 1081 2240 diannritd'-

110 2282 114 2291 ·
147 2268 223 2323 aiam
246 2265 374 2342 capitit,
402 2276 453 2320 aut
474 2264 616 2322 iudicium
638 2267 893 2325 eaielirnatieaie.
940 2267 1016 2325 Natu
1038 2262 1081 2322 iud·

147 2352 224 2408 eiam
246 2351 372 2427 capitit,
387 2349 519 2423 faniae,
541 2352 773 2408 exirtiniatinaie
796 2365 856 2409 ete.
907 2351 1080 2411 Latinium

146 2438 256 2504 uolent,
280 2434 421 2491 iudicium
443 2436 592 2508 infantiae
614 2455 672 2493 nen
692 2438 770 2494 item.
807 2436 959 2496 tamdia.
1000 2434 1080 2509 lusan·

147 2522 215 2580 elim
236 2514 380 2588 Fairnuess
417 2539 434 2575 n
464 2538 520 2594 quo
551 2522 774 2578 emendationem
806 2528 931 2599 aceepit
955 2523 1080 2581 lamine·

147 2607 197 2664 red
227 2604 398 2674 videndum,
435 2621 504 2660 num
534 2608 634 2662 melius
668 2608 707 2664 rit
739 2606 916 2686 iudiciique
952 2607 1080 2684 insanin

151 2691 253 2749 Uaria.
285 2687 492 2766 Indiciumque
515 2687 660 2773 infantia]
682 2689 732 2747 Sic
754 2704 828 2749 vett.
854 2695 950 2752 editt.
991 2691 1035 2750 Sie
1049 2689 1081 2762 plt·

146 2779 228 2851 rique
249 2772 334 2831 MSS.
363 2777 448 2831 etiem
471 2774 533 2832 Pal.
562 2777 643 2849 prim.
687 2775 759 2833 Nam
789 2781 888 2835 ceteri
919 2780 1014 2837 nentri
1035 2771 1081 2832 aa
1118 2848 1122 2857 ι

147 2858 280 2939 uiamque
301 2861 333 2916 in
345 2859 450 2933 fama.
495 2860 665 2918 Guilielnrua
685 2861 837 2919 divinabat
860 2858 1081 2941 iudiciumque&

138 2947 304 3020 familiare
326 2954 462 3016 vacatur,
484 2943 538 3001 hee
559 2956 619 3016 est,
641 2946 677 3003 ed
699 2945 851 3007 arbitrum.
883 2949 1011 3008 Gruter.
1039 2945 1081 3002 ll*

146 3049 195 3087 eeu
217 3049 320 3087 nemen
342 3022 480 3087 mandati
500 3049 558 3087 nen
578 3049 631 3088 rue
652 3032 715 3087 leae
742 3032 774 3086 in
807 3033 899 3093 libris
934 3037 1003 3112 peni
1020 3035 1081 3107 lega

147 3113 286 3188 dumque:
323 3114 510 3191 negligentia
537 3115 676 3172 mandati
704 3118 736 3171 in
765 3118 892 3177 crimen
924 3122 1080 3190 teitaun

145 3207 315 3256 reveratur.
359 3199 432 3256 lllud
455 3201 588 3272 infamia
610 3201 811 3258 videturesse
834 3205 1040 3282 interpretatie
1053 3216 1080 3255 rr

146 3285 188 3340 ein
216 3285 344 3354 crimen,
376 3303 448 3358 quae
478 3288 507 3342 in
536 3296 648 3343 textum
675 3287 801 3358 irrepsit.
848 3287 923 3353 Sed
952 3295 1013 3348 uine
1033 3281 1080 3343 lilii

145 3367 219 3426 nihil
240 3366 358 3424 affirmo.
394 3368 505 3427 Graue
549 3370 683 3445 Plerique
704 3371 741 3427 ad
762 3370 941 3434 Graevium
962 3367 1080 3477 nepuelr

145 3452 215 3511 beni
236 3452 434 3530 iudieinmpue
452 3453 597 3529 infamia.
641 3453 700 3512 Sed
719 3453 788 3511 hine
812 3461 925 3518 nullus
947 3464 1009 3518 erui
1025 3460 1080 3533 pull*

144 3557 263 3610 sensus,
287 3547 319 3594 ut
341 3557 438 3594 omnen
460 3543 536 3597 ultre
558 3541 697 3598 fatentur.
733 3537 803 3617 Ege
826 3558 959 3606 secutus
979 3565 1033 3604 anni
1048 3536 1080 3595 el‘r

144 3624 239 3680 tienee
267 3621 468 3699 Gryphianus,
502 3628 535 3681 iit
561 3627 634 3682 aliae
663 3644 721 3683 neu
749 3627 903 3687 minimae
933 3623 1080 3692 numerati·

143 3707 241 3784 legens
273 3707 435 3784 iadieiipae
464 3710 645 3781 infamiam,-
686 3727 757 3784 qunu
787 3714 875 3773 vidit
907 3716 1080 3781 Hermum*

142 3791 221 3863 ipse,
249 3794 317 3849 lieet
345 3812 403 3850 nen
429 3795 566 3866 prebuimit
612 3793 741 3852 Faaaiel.
798 3795 900 3858 Hune
937 3803 1025 3861 acenti
1044 3796 1080 3851 nul

143 3874 275 3932 Olivetuu
297 3888 326 3936 et
347 3876 555 3936 Lnllemandue.
598 3878 649 3937 Sie
670 3880 759 3938 etium
780 3882 817 3941 in
839 3886 992 3949 editionis
1009 3875 1080 3945 11ιῦ
