2304 4320
75 303 98 386 p
267 303 588 367 announmonns.
631 266 967 385 cammaron
1006 262 1110 380 517¹

78 497 189 556 ¹serina
218 497 280 535 esse
309 479 394 535 facile
421 479 610 556 intelligitur,
641 496 698 552 qno
726 477 852 549 factum,
888 487 922 534 ut
954 480 1084 552 plurimis

71 582 100 621 ιι
120 574 286 623 tentaretur
307 565 490 621 coniecturis.
521 562 587 621 Vid.
605 562 686 620 Varr.
702 562 792 631 Lectt.
826 563 962 620 Omnium
978 575 1084 638 autem,

72 654 101 708 'sa
121 642 267 726 'quotquot
287 649 381 706 factae
403 659 486 720 suut,
516 648 745 705 emendationum
773 666 832 705 non
861 667 944 723 posse
971 647 1086 707 admitti

71 743 101 796 m
121 736 214 791 ullam
246 735 428 792 arbitramur.
479 732 555 799 Quid
589 729 653 790 isat
689 730 857 790 Baimorsei
891 745 1085 791 commentum
1125 756 1128 762 ·

82 848 102 881 ιι
120 824 220 877 nonne
241 819 278 875 ad
299 838 412 875 sensnm
435 828 478 874 est
494 818 553 872 fere
568 818 842 892 praeclarissimum:
865 836 976 895 nepae,
998 811 1106 895 qaam*

71 913 103 968 ὴ
122 903 162 961 de
181 902 236 961 doc
258 905 431 980 qaaeritnr,
457 921 511 960 aas
539 922 603 960 eum
632 901 778 959 danninum
801 922 865 960 esse
886 901 1009 961 dicitisi
1045 905 1085 962 At

71 997 103 1058 ‚'t·
121 990 210 1046 velim
233 989 364 1045 attendas
392 989 428 1044 ad
455 988 542 1046 verba
564 1007 650 1065 qaum
677 987 713 1044 de
734 986 789 1045 lsoc
810 990 987 1066 quaeritar3
1014 1007 1084 1046 num

71 1108 103 1143 η.
122 1072 193 1129 Sex.
217 1071 339 1128 Roscius
361 1083 424 1130 tum
446 1072 557 1128 demum
580 1092 639 1129 non
660 1091 721 1129 esse
746 1073 877 1131 dominus
900 1074 958 1130 dici
979 1085 1083 1147 potest,

71 1195 94 1229 ff
122 1175 214 1233 quum
236 1157 271 1213 de
292 1156 347 1214 hoo
368 1159 534 1231 quraeritur,
563 1159 634 1215 alias
663 1161 713 1232 qui
734 1159 773 1215 sit
795 1157 948 1215 dominnsi
980 1157 1083 1216 Melius

71 1264 101 1317 η’
120 1255 202 1299 uerte
223 1242 315 1313 foret,
337 1243 388 1298 ubi
409 1242 516 1299 dicetis
538 1245 675 1317 scriptum
698 1244 872 1321 legeremus,
895 1245 937 1301 ita
958 1255 992 1301 ut
1013 1243 1083 1301 haec

89 1327 221 1403 ,verbis
250 1328 356 1384 inesset
383 1330 542 1384 sententia:
572 1345 638 1389 reus
666 1341 709 1385 est
737 1325 807 1387 Sex.
829 1328 952 1386 Roscius
980 1347 1082 1402 neque,

71 1456 100 1493 Ι
124 1410 215 1512 qts'um
246 1413 363 1469 ornnino
389 1413 521 1470 dominus
543 1432 600 1469 non
621 1415 676 1484 sit,
707 1432 770 1469 cunr
798 1425 859 1470 tum
889 1424 1001 1470 tantum
1030 1414 1082 1470 do·

91 1498 232 1578 minum
256 1515 317 1553 esse
335 1497 453 1569 dicetis,
474 1514 562 1571 quum
584 1497 619 1553 de
640 1496 694 1553 hoc
715 1501 872 1572 quaeritur.
908 1496 1082 1556 Matthiaeus

71 1544 274 1668 :ingeniose
287 1584 476 1656 scripturam,
498 1600 584 1656 quam
600 1584 724 1655 recepit,
745 1584 788 1638 sic
801 1584 965 1657 explicavit.
998 1582 1081 1653 „Sex

87 1669 199 1753 euim
220 1665 342 1744 Roscius
363 1685 429 1723 reus
450 1677 502 1737 est,
525 1685 585 1723 non
606 1665 746 1734 dominus,
768 1685 861 1742 neque
883 1687 933 1726 ros
951 1668 1080 1725 dominos

123 1769 186 1809 esse
209 1734 314 1807 dicitis.
358 1750 453 1828 lgitur
473 1752 535 1807 siue
557 1752 587 1806 in
611 1752 692 1807 illum
713 1752 775 1807 sive
796 1753 827 1808 in
848 1770 900 1810 vos
922 1755 1079 1827 quaeritur,

73 1805 95 1843 ³
120 1853 181 1890 non
196 1836 226 1890 in
242 1833 371 1890 dominos
384 1837 539 1908 quaeritur
542 1839 562 1872 ‘⁶
588 1833 794 1893 Difficultatem
810 1847 905 1894 autem
922 1856 979 1893 non
995 1837 1079 1908 vidit,

71 1888 97 1953 Ρ
71 1936 181 2017 'qua
195 1920 396 1992 praetermissa
408 1920 490 1977 nobis
507 1937 620 1995 quoqne
641 1920 735 1977 olim'
727 1923 890 1996 impositum
909 1931 969 1994 est,
991 1939 1080 1997 quum

71 1975 106 2103 z
122 2021 292 2059 conaremur
312 2005 406 2061 locum
428 2007 577 2062 emendare
598 2006 655 2062 sio.
676 2002 748 2063 Sex.
764 2040 805 2054 -·-
818 2025 888 2064 reas
904 2016 965 2078 est,
988 2025 1081 2084 nepae

71 2126 95 2191 t
122 2089 259 2145 dontinus
272 2101 326 2147 etc.
353 2088 479 2146 Pessime
495 2093 570 2147 enim
588 2091 643 2148 sibi
659 2104 842 2165 opponuntur
856 2111 926 2150 rene
941 2103 971 2148 et
987 2091 1081 2149 domi-

71 2216 94 2278 p
122 2190 190 2243 rests,
203 2190 289 2247 quum
303 2193 457 2250 saneqnarn
471 2176 624 2233 absurdum
638 2178 686 2247 sit,
698 2179 725 2232 si
741 2180 791 2252 qui
805 2179 928 2234 voluerit
939 2197 1013 2249 euni,
1028 2178 1081 2251 qui

71 2304 94 2364 u
121 2260 265 2330 rauseis,
288 2263 488 2335 nonamplins
510 2260 686 2318 dominnm
677 2279 708 2317 ιιι
729 2281 796 2319 ιιιοι
818 2281 878 2319 esse
899 2263 1079 2319 contendere.

71 2343 207 2441 ΙΙ,(1ιιοι1
229 2355 264 2402 ut
282 2343 404 2414 refutes,
434 2347 495 2403 noli
522 2346 558 2402 ad
580 2344 664 2403 hoc
655 2364 749 2420 rpsurn
770 2347 805 2403 de
827 2346 918 2405 Sexto
939 2347 1080 2406 iudicium

71 2390 289 2503 ''¹.provoeare
332 2430 416 2496 Quod
446 2432 520 2486 enim
544 2431 676 2489 dominus
703 2451 761 2489 non
788 2435 910 2507 amplius
939 2443 1016 2502 erat,
1047 2432 1078 2489 id

120 2524 199 2569 certe
220 2531 279 2570 non
307 2532 341 2570 eo
362 2514 487 2586 tactum,
516 2517 594 2590 quod
620 2535 685 2572 reus
712 2529 791 2590 erat,
821 2518 871 2574 sed
898 2517 975 2592 qnod
1004 2517 1079 2575 bons

85 2598 215 2704 patria
236 2599 353 2675 lugebat
374 2612 486 2675 empta,
509 2619 652 2675 possessa,
676 2603 796 2676 direpta.
834 2603 910 2669 Quid
926 2620 996 2678 ergo
1011 2598 1076 2662 esti

85 2667 215 2739 'Verba
236 2687 396 2741 accuratius
424 2697 492 2742 sunt
514 2686 671 2744 tractanda.
714 2686 826 2758 Verba,
857 2689 980 2762 quae§.
1006 2688 1078 2744 119.

81 2750 93 2792 ¹
119 2767 270 2844 leguntur:
305 2787 355 2825 res
378 2788 471 2848 porro
495 2770 548 2828 aba
571 2781 600 2828 te
622 2772 766 2829 eiusmodi
783 2770 1012 2851 postulabatur,
1043 2780 1078 2828 ut

119 2851 198 2911 ntttt
218 2854 391 2924 interesset,
419 2864 518 2912 atram
540 2874 606 2912 eam
627 2876 689 2914 rem
711 2874 869 2915 recusares
892 2875 932 2913 an
954 2855 990 2913 da
1011 2875 1077 2913 ma-

71 2920 93 2970 ⁶
71 2935 216 3055 deficio
239 2937 433 3010 confiterere,
462 2939 531 3001 haec
552 2943 644 3019 igitur
664 2943 753 2999 verbu
774 2945 799 2998 si
821 2943 984 2999 accuratius
1006 2961 1077 2999 oon-

71 3008 308 3093 '‘siderareris,
332 3024 461 3097 profecto
483 3024 649 3082 Ciceronem
670 3027 807 3085 concedes
830 3029 859 3083 id
881 3025 1075 3084 demonstrare

71 3094 261 3182 ''voluisse,
284 3107 360 3181 quod
381 3108 457 3169 infra
478 3111 593 3185 §.128
615 3124 757 3186 tamquam
775 3114 865 3169 totius
883 3113 984 3185 capitis
1005 3131 1075 3170 con·

116 3191 277 3249 elusionem
304 3194 347 3247 sic
374 3199 524 3268 proponit:
554 3214 607 3271 ego
635 3198 680 3254 sia
708 3199 863 3254 existimo:
893 3199 944 3274 put
970 3199 1078 3275 quaeri

71 3266 192 3334 'velit
221 3295 260 3332 oa
292 3278 348 3349 s's's,
386 3297 457 3355 quos
488 3290 622 3350 constat,
661 3301 749 3359 quum
780 3283 886 3340 caedes
908 3285 1004 3357 facta
1034 3284 1077 3340 ss't

71 3352 261 3465 'officinam
284 3382 349 3419 enm
371 3383 598 3442 superaveram
615 3367 767 3441 s'noern're,·
788 3370 839 3446 qai
854 3379 987 3438 recuset,
1009 3387 1073 3425 eam

71 3430 271 3529 'profecto,
293 3451 417 3506 tametsi
437 3450 525 3507 cerdo
547 3471 606 3509 nnn
628 3453 754 3525 audeat,
783 3465 897 3512 tamen
893 3474 937 3511 re
953 3457 1021 3530 ipsa
1037 3451 1074 3509 de

115 3530 265 3602 ssaleficr'o
294 3552 346 3593 suo
367 3535 513 3608 confiteri,
557 3537 640 3603 Quod
669 3556 756 3612 qurum
785 3541 827 3597 ita
856 3542 912 3610 sit,
942 3541 983 3593 sic
1011 3537 1074 3614 ogit

115 3627 231 3675 orator:
266 3618 292 3672 si
317 3621 399 3676 nobis
427 3623 621 3696 quaestionem
645 3621 679 3678 de
701 3626 792 3682 serris
813 3623 989 3691 concedunt,
1019 3639 1073 3678 nos

115 3699 153 3759 ab
182 3699 282 3757 iisdem
313 3704 480 3777 edocemur,
511 3725 569 3762 non
596 3704 665 3765 Sex.
687 3708 825 3769 Roscium
852 3705 900 3763 sed
929 3703 989 3763 Tit.
1012 3704 1074 3763 Ro-

113 3787 206 3843 scium
229 3783 366 3863 Magnum
393 3808 451 3849 una
479 3810 543 3847 eum
573 3790 694 3857 Glaucia
720 3806 830 3870 patrem
857 3790 1009 3864 occidisse3
1047 3792 1074 3847 si

112 3882 267 3942 recusant,
290 3872 361 3947 quid
377 3873 460 3933 tunsi
483 3876 553 3952 quid
574 3889 634 3950 est,
656 3897 708 3936 cur
728 3871 880 3935 recusanti
895 3907 938 3919 -
954 3874 1001 3934 lu
1019 3875 1072 3933 do·

71 2495 92 2536 ιι

71 2566 94 2623 s
