2304 4320
138 284 195 365 93
334 364 337 369 Ι
546 279 697 343 omno

142 454 272 534 deinde
302 478 366 526 cur
396 449 533 525 tantulo
565 452 742 525 venierint
756 455 803 544 ⁸).
859 450 973 543 Quae
1003 454 1105 527 omnia

143 578 198 668 si,
244 569 541 672 quemadmodum
575 569 694 643 solent
730 570 851 643 liberti
885 598 1053 670 nequam
1082 586 1107 645 et

143 693 297 795 improbi
330 692 473 781 lacere,
522 690 558 761 in
593 702 781 786 patronum
819 716 927 763 suum
964 694 1108 766 voluerit

144 814 332 901 conferre,
373 806 463 880 nihil
494 809 623 907 egerit.
687 809 805 883 Nemo
845 820 904 882 est
942 816 1048 886 enim
1063 812 1107 905 l),

144 933 206 1033 qni
221 929 378 1021 nesciat,
406 940 554 1024 propter
565 928 843 1028 magnitudinem
863 955 997 1002 rerum
1016 931 1108 1003 muln

144 1051 276 1126 multos
307 1048 435 1144 partim
449 1051 480 1140 0)
507 1047 729 1144 imprudente
754 1049 803 1119 L.
834 1047 943 1121 Sulla
973 1050 1136 1125 commis

145 1173 235 1245 sisse
253 1167 302 1263 ἃ).
357 1163 448 1239 151.
476 1168 604 1241 Placet
629 1170 738 1267 igitur
763 1170 800 1239 in
825 1167 882 1239 his
913 1169 1037 1244 rebus
1062 1171 1106 1243 ali

147 1289 234 1391 quid
272 1283 508 1382 imprudentia
546 1290 734 1384 praeteriri
751 1287 803 1382 e)l
846 1287 937 1361 Non
986 1292 1105 1389 placet,

146 1409 301 1500 iudices,
338 1403 402 1478 sed
434 1431 582 1480 necesse
615 1416 683 1479 est.
737 1406 881 1479 Etenim
916 1411 949 1481 si
986 1411 1105 1509 Iupiter

45 1597 49 1601 .
148 1502 301 1626 optimus
324 1525 519 1616 maximus,
552 1527 651 1599 cuius
676 1536 764 1598 nutu
790 1538 827 1600 et
851 1527 1015 1605 arbitrio
1044 1557 1104 1606 coc

146 1647 242 1740 lum,
279 1656 375 1718 terra
406 1645 586 1742 mariaque
617 1657 811 1744 reguntur,
853 1671 969 1744 saepe
1009 1650 1104 1724 venti

148 1763 471 1865 uehementioribus
496 1775 557 1835 aut
581 1764 823 1838 immoderatis
841 1768 1104 1863 tempestatibu

149 1897 210 1960 aut
234 1885 343 1958 nimio
371 1882 490 1956 calore
517 1894 578 1955 ant
602 1883 818 1956 intolerabili
841 1885 992 1984 frigore
1012 1887 1105 1961 honi

148 2005 252 2080 nibus
272 2003 423 2099 nocuit,
458 2000 568 2074 urbes
598 2001 752 2094 delevit,
792 2005 919 2103 fruges
942 2007 1104 2103 perdidit,

150 2150 301 2224 quorum
323 2120 413 2193 nihil
437 2120 588 2217 pernicii
603 2119 630 2213 f)
658 2148 782 2194 caussa
806 2123 928 2196 divino
947 2128 1104 2216 consilio,

151 2243 215 2317 sed
241 2244 276 2313 vi
300 2242 378 2337 ipsa
404 2248 441 2312 et
465 2241 707 2338 magnitudine
742 2269 860 2315 rerum
886 2245 1035 2320 lactum
1060 2274 1105 2346 pu

150 2373 284 2461 tamus,
311 2369 348 2431 at
373 2369 498 2432 contra
523 2360 709 2434 commoda
727 2367 781 2454 t),
809 2362 941 2461 quibus
970 2371 1104 2458 utimur,

237 2513 271 2595 a)
299 2533 376 2594 qnae
403 2513 467 2572 dice
496 2549 536 2560 —
564 2516 714 2574 venierint
728 2535 791 2573 nm.
814 2516 872 2575 Ox.
892 2541 921 2591 χ.
981 2523 1017 2605 b)
1048 2524 1105 2583 ests

152 2640 207 2679 om.
237 2617 340 2676 Frauc.
370 2617 452 2692 prim.
509 2617 540 2694 c)
564 2621 684 2699 partim
713 2621 888 2678 connivente
914 2629 1043 2701 partim
1068 2625 1105 2682 in·

148 2721 298 2809 prudente
319 2718 393 2776 Edd.
416 2718 494 2780 Crat.
517 2719 607 2779 Herv.
631 2721 727 2802 Naug.
749 2723 859 2781 Victor.
881 2721 1003 2785 Manat.
1028 2726 1106 2785 mul.

154 2827 259 2887 Graev.
279 2806 365 2895 Em„
395 2822 445 2879 sed
466 2825 492 2880 is
513 2826 595 2905 uncis
617 2826 685 2883 incl.
710 2861 749 2874 -
776 2829 892 2905 partim
921 2831 1048 2888 counio.
1068 2847 1106 2886 on

154 2929 236 2990 codd.
259 2938 288 2985 et
309 2924 383 2982 Edd.
405 2925 483 2984 vett.
496 2946 539 2975 -4-
560 2926 716 2988 Eieccrunt
729 2926 801 2989 Bck.
818 2927 884 2987 Sch.
901 2929 942 2988 M.
960 2967 1007 2980 -—
1031 2930 1107 2992 nenda

154 3031 263 3097 multat
291 3028 438 3108 privatim
467 3029 501 3086 de
531 3031 631 3091 Garat.
659 3034 734 3089 coni.
765 3030 886 3090 Steinm.
909 3031 1000 3100 Fert.
1030 3033 1107 3094 nult

154 3120 262 3191 multoe
278 3151 338 3211 per
360 3131 593 3212 imprudentium
606 3133 638 3193 l..
655 3133 772 3193 Sullam
795 3137 940 3195 omisisse.
990 3135 1028 3220 d)
1050 3154 1108 3197 con·

154 3237 264 3294 missac
287 3235 343 3292 Ox.
362 3256 391 3304 χ.
435 3230 463 3314 e)
486 3238 618 3314 reperiri
640 3239 695 3296 ΟΧ.
713 3260 743 3310 χ.
787 3234 968 3319 ι’)ρονηίοἰί
993 3242 1069 3303 Geli.
1083 3234 1108 3297 ll.

154 3340 190 3398 Α.
218 3334 265 3394 lX
286 3355 310 3393 c.
335 3336 384 3394 1³.
412 3334 487 3395 Non.
508 3337 597 3396 Marc.
627 3359 654 3416 p.
677 3341 748 3398 759.
778 3339 856 3399 Crat.
884 3341 990 3401 Lamb.
1022 3345 1109 3403 Gran.

42 3460 45 3468 ’
157 3440 234 3500 oliv.
256 3433 290 3494 B.
313 3434 381 3519 Seli.
404 3439 455 3497 Or.
477 3476 520 3488 -
543 3444 681 3522 pernicie
711 3444 793 3503 codd.
823 3443 943 3503 Oxonn.
973 3444 1012 3511 C.
1031 3445 1073 3505 ll.
1089 3440 1111 3512 d,

156 3541 193 3601 T.
212 3562 241 3612 χ.
263 3559 294 3614 ψ.
323 3536 402 3597 Parr.
426 3546 456 3600 4.
479 3545 644 3608 1.8.9.7,
675 3545 745 3603 Pall.
773 3545 848 3612 Edd.
870 3543 959 3607 Rom.
985 3549 1063 3610 Vcn.
1079 3546 1111 3605 lt

154 3642 226 3701 Ern.
257 3638 317 3701 Ma.
345 3640 389 3702 St.
422 3648 572 3724 perniciei
607 3649 671 3706 cod.
710 3648 814 3707 l'ranc.
850 3649 937 3725 prim
973 3651 1113 3732 portici&

58 3738 68 3793 s
156 3741 266 3802 Charis.
296 3762 418 3821 quornm
441 3749 580 3827 pernicio
609 3751 686 3808 nihil
711 3753 812 3810 divino
840 3771 921 3816 cone.
953 3753 1015 3816 Ed.
1044 3753 1114 3818 llll

156 3844 192 3925 g)
214 3846 372 3907 commodis
394 3848 509 3932 Ououu.
532 3848 564 3910 C.
585 3851 624 3915 H.
647 3850 677 3910 S.
702 3853 737 3912 Τ.
757 3879 787 3927 χ.
