2304 4320
101 290 181 369 17ss
260 286 580 357 taoot'nutontxs.
623 289 707 351 CAP.
721 292 811 353 l’lll.
835 296 872 374 β.
886 298 940 359 ol.

186 459 215 545 ᾗ.
237 464 288 521 21.
321 456 455 537 Propria
477 462 654 541 tradantur]
679 462 870 525 [sectionem
894 466 946 525 lsia
965 468 1054 524 alienis

99 552 224 611 fortasse
246 545 332 622 pretii
353 546 564 605 Iannoctianus
585 548 704 607 exhibet
723 552 850 611 codex:
874 555 944 611 tria
958 552 1053 629 praeiit

98 636 148 697 eal
167 632 351 693 solidissime
376 628 518 708 Capitoni
537 636 676 709 praescia
696 637 897 697 traducatur.
932 639 988 706 out
1004 638 1052 697 lau

98 722 243 781 luminam
259 737 297 775 ex
313 715 413 774 Tullio
433 720 559 788 noverit,
581 720 738 779 confestim
761 724 946 799 explicabit
964 724 1050 783 scabri

96 807 246 886 praescia.
277 802 337 861 lsruo
359 812 459 875 aperte
480 804 516 859 de
534 803 588 861 hoc
609 804 814 879 ipaoTullius
840 828 911 885 cap.
928 812 981 869 to.
1008 807 1049 867 tt

98 894 151 951 lus
176 888 333 968 praediis,
361 886 416 945 loe
443 897 489 945 eet
516 892 662 965 praemiis
689 890 827 950 sceleris
859 905 999 953 ornatas.
1028 894 1048 951 o

97 978 215 1053 eap.34
237 974 274 1031 ad
295 972 443 1029 cunrdenit
465 973 581 1045 Quodsi
602 975 714 1033 asilaus
737 979 807 1035 iam
828 989 910 1039 ante
927 980 1047 1039 concilias
1064 1014 1070 1048 ι

97 1064 134 1123 de
156 1070 250 1119 steorte
273 1078 311 1115 ac
332 1058 368 1116 de
390 1056 474 1117 bonis
489 1062 553 1118 eiss
569 1062 685 1119 inieras
702 1062 890 1143 nullamque
907 1069 1045 1124 societates

98 1168 190 1225 nepae
210 1143 333 1203 sceleris
361 1162 452 1221 neque
472 1148 603 1221 praemii
623 1164 688 1202 cass
710 1145 839 1207 iussisse
863 1150 932 1209 allo
954 1154 1043 1211 coiera

96 1234 180 1295 Addo
196 1250 258 1306 esp.
273 1231 324 1288 37.
358 1228 498 1289 Praedam
514 1248 626 1305 quoque
640 1250 740 1308 posses
758 1233 956 1315 intelligere.
983 1234 1044 1293 Pras·

97 1321 187 1377 seiam
210 1318 287 1371 eninr
307 1333 360 1390 pro
383 1314 490 1389 praeda
508 1318 661 1391 usurpari,
688 1316 870 1379 iamdudum
896 1342 939 1381 ex
961 1324 1044 1399 optini

96 1401 265 1463 auctoribus
293 1410 469 1457 monuerunt
494 1398 637 1459 Poltlrems
664 1413 693 1460 et
720 1402 928 1469 Burmannus
958 1410 992 1467 sd
1014 1407 1043 1463 o·

97 1502 175 1548 tron.
196 1505 259 1561 esp.
282 1487 323 1543 to
352 1496 382 1542 et
409 1486 446 1543 ed
468 1486 623 1563 Epitonren
645 1485 762 1545 Liuiani
791 1490 869 1549 libri
896 1490 1041 1553 Lxxxu'

96 1575 282 1645 Gronovius,
310 1566 464 1642 Dukerus,
502 1568 768 1631 Drakenborchius.
825 1576 933 1653 Saepe
963 1578 1042 1637 'l'allis

91 1660 174 1718 lions
201 1656 271 1717 Sex.
299 1654 400 1713 Roscii
430 1675 482 1732 per
512 1676 654 1715 summum
683 1658 779 1716 divisa
810 1665 921 1723 scelus
951 1665 1041 1741 appelit

95 1746 234 1822 praedam
262 1741 377 1815 capitib.
400 1743 429 1800 3.
452 1744 502 1800 31.
525 1744 575 1801 34.
598 1754 654 1800 etc.
696 1743 849 1819 Loqoutio
884 1770 980 1827 porro
1003 1768 1042 1825 ps·
1072 1794 1075 1799 .

96 1831 174 1889 cedit
200 1838 235 1887 ut
263 1827 339 1903 opud
359 1825 532 1885 Sallustium
563 1829 666 1905 fragm.
687 1827 717 1900 l,
740 1833 768 1888 7.
819 1830 965 1895 Patriae
989 1834 1041 1895 aedo

95 1934 295 1993 occupavere,
316 1912 479 1971 mercedem
499 1913 652 1971 scelerasse.
695 1912 733 1971 Et
755 1916 809 1987 lv,
833 1921 868 1976 4.
915 1921 1042 1981 Eunoen

92 2002 254 2081 prodidero
275 1997 431 2069 Antiocho,
450 2001 537 2075 pacis
558 1999 728 2059 mercedem.
772 2000 830 2061 Sic
853 2005 1042 2087 eleganterlt

96 2087 236 2149 Cicerone
259 2084 387 2142 Velleius
410 2082 445 2154 li,
461 2086 513 2141 45.
544 2084 747 2143 conservatae
766 2094 910 2165 patriae
932 2095 1042 2171 pretias.

95 2173 301 2231 calamitatem
323 2169 427 2227 eaeiiii
447 2169 526 2227 tulit.
570 2169 779 2247 compendium
806 2178 973 2237 aorilsenili
997 2176 1042 2261 sni

94 2258 172 2337 quod
193 2267 255 2313 tum
275 2258 416 2333 praernia
436 2265 497 2311 tutu
517 2258 644 2333 propria
666 2261 774 2331 exponi
798 2272 922 2339 potest,
947 2270 1042 2324 vsrieo

94 2346 134 2403 tis
154 2342 300 2419 originem
321 2340 411 2397 luisse
432 2342 574 2415 suspicor.
618 2340 756 2400 Codicum
784 2357 896 2407 tamen
922 2368 1042 2409 nomene

94 2448 148 2507 pro
169 2430 291 2504 uulgata
312 2426 398 2483 video
418 2426 524 2482 lacere.
567 2426 661 2499 Huic,
689 2429 739 2502 qui
760 2433 865 2505 volet,
894 2436 1042 2495 adhaereat:

93 2514 180 2573 modo
208 2510 244 2571 ab
268 2510 447 2569 Hotsmonni
475 2514 670 2585 explicatione
699 2524 814 2583 capeat.
863 2520 968 2587 Quem
993 2524 1042 2579 enis

92 2604 126 2659 in
148 2619 183 2657 es
203 2600 307 2673 rapina
327 2598 385 2653 iuri
413 2599 509 2653 locum
529 2598 619 2654 fuisse
639 2597 814 2657 credamusi
860 2602 962 2679 Seio,
981 2607 1043 2665 daut

93 2689 189 2746 tiones
212 2686 274 2741 sols
295 2683 456 2741 traditione
477 2682 540 2739 lieri
564 2685 709 2757 potuisse,
730 2683 781 2741 sed
806 2696 877 2747 tum
902 2693 999 2751 abluit
1014 2692 1043 2747 ils

93 2776 195 2831 stricto
222 2772 287 2827 iure
311 2770 482 2843 proprietas.
525 2766 599 2824 Vide
619 2766 825 2829 Brammerum
848 2776 894 2835 od
920 2780 981 2858 leg.
999 2776 1043 2835 Cis

93 2860 169 2916 ciam
190 2874 254 2930 esp.
278 2856 328 2913 13.
371 2852 504 2928 Denique
526 2854 603 2928 quod
625 2864 712 2929 caput
732 2865 789 2927 est,
813 2876 856 2917 ex
881 2863 955 2939 ipso
973 2862 1043 2923 Tollit

92 2945 261 3021 colligitur,
287 2940 397 2997 donata
418 2937 490 2995 haec
512 2938 648 3013 Capitoni
670 2940 790 3014 praedis
813 2963 882 3005 non
907 2948 1006 3008 fuisse.
1029 2944 1044 3001 lt

93 3030 170 3084 enim
200 3024 327 3089 dilucide
356 3024 404 3080 hic
432 3036 550 3095 narrat,
577 3025 663 3082 selus
693 3022 779 3084 Sexti
807 3029 919 3093 sslhuc
948 3032 1044 3111 inopi

92 3130 155 3169 eam
183 3122 295 3187 partem
322 3129 341 3167 a
369 3107 510 3184 Capitone
538 3121 740 3185 praeceptam,
768 3121 837 3171 tuns
869 3120 908 3177 in
939 3120 1044 3197 reliqu

92 3214 191 3255 omnes
204 3197 356 3269 fortunas
378 3194 478 3252 Titum
500 3197 655 3265 invasisse,
679 3206 831 3268 postremo
854 3207 931 3267 aesia
954 3206 1044 3265 adisis·

90 3281 176 3339 ritas
196 3281 324 3339 dosssse
344 3279 514 3355 hastamque
535 3280 708 3338 adhibuisse.
751 3279 914 3347 Similiter
937 3310 998 3367 cap.
1014 3288 1044 3345 li·

96 3366 161 3441 Car
180 3369 244 3425 tria
270 3366 399 3443 praedis
422 3368 527 3424 statim
553 3366 694 3442 Capitoni
720 3364 863 3431 dantur?
901 3396 978 3449 eser,
995 3390 1045 3455 qest

91 3453 210 3531 reliqua
232 3461 318 3523 suat,
346 3454 404 3509 iate
426 3451 552 3510 Roscius
573 3464 628 3508 etc.
672 3450 837 3515 Praeterea
865 3462 927 3521 noi
957 3458 1046 3521 lussit
1070 3458 1074 3471 “

90 3558 124 3615 sa
145 3556 242 3596 sermo
271 3536 395 3607 incidit,
422 3548 539 3613 pactum
561 3547 591 3593 et
612 3538 782 3595 societatem
815 3544 917 3605 viduo
948 3562 1047 3608 eonas·

88 3625 211 3695 morari,
233 3621 420 3681 donationem
434 3641 506 3681 vero
522 3639 697 3697 numquam:
720 3620 790 3697 Cap.
803 3626 861 3685 35.
888 3630 967 3693 Hoc
978 3632 1048 3697 olda.

92 3709 269 3788 Capitonem
290 3709 322 3765 in
343 3705 494 3765 isis-dosis
516 3727 581 3766 esse
603 3709 723 3767 sociam.
751 3706 827 3786 Cap.
841 3716 902 3775 39.
928 3716 1046 3799 ipeetrit

87 3796 219 3873 praedia
240 3792 300 3851 sibi
320 3792 539 3869 depactasmst.
560 3803 686 3868 etcaepe
706 3794 790 3855 alios.
841 3798 998 3865 Nimirum
1010 3802 1047 3859 alis

90 3890 156 3939 erat
176 3879 326 3959 Capitonis
346 3878 443 3955 ratio,
469 3880 529 3936 alis
552 3898 670 3953 eorum,
695 3877 803 3955 quibus
828 3887 904 3949 eius
927 3886 1047 3953 issara
