2304 4320
91 296 176 375 222
240 288 564 357 ausorsuouus.
605 288 690 351 car.
714 292 805 353 xx.
837 296 871 373 ι.
886 294 939 357 ιτ.

92 472 212 531 infamia
233 486 271 525 ex
292 466 387 524 edioto
409 464 558 523 Praetorio
580 463 606 520 is
627 474 821 523 recensetur.
867 464 962 536 Quen
977 504 985 523 .
999 464 1039 529 ,l

93 555 384 615 Praevorieatioais.
413 569 532 608 rosato.
560 568 732 607 arenosae.
761 551 963 629 fecisseque.
989 552 1039 631 μί

94 643 269 701 iudicatam.
290 647 344 695 eat.
367 638 434 694 erit.
479 634 585 691 bocum
607 637 743 712 egregie,
771 648 813 693 ut
837 639 934 707 solet,
960 656 983 713 p.
998 640 1038 693 td.

94 727 262 787 blaaoehius
284 726 423 787 illustrat3
446 720 673 793 addidissetque,
696 722 834 794 opinor,
864 723 1039 780 solenuensl

94 815 266 871 eslumuiam
287 806 503 885 significandam
526 803 609 860 huius
635 814 723 860 notae
745 824 846 863 usum
872 807 944 864 hino
964 810 1039 883 potiri·

94 917 174 956 mum
201 895 326 961 lismari,
358 894 414 947 nisi
441 903 547 947 eertsm
577 907 638 945 rem
666 902 808 963 putasset
841 893 930 950 nullo
958 896 1048 971 saepiat

95 981 238 1059 praesidio
267 978 404 1055 indigere.
448 974 530 1031 liaeo
558 992 627 1053 ego,
656 985 688 1031 ut
717 975 808 1048 dixi,
844 996 914 1034 ren
942 980 1038 1035 eonion

95 1069 235 1137 arbitror,
259 1082 325 1119 oum
346 1063 422 1117 enim
444 1078 501 1117 noa
520 1060 605 1116 niodo
620 1070 747 1117 veterem
770 1064 863 1120 roris
879 1064 1037 1138 seriptioass

95 1153 145 1211 sed
167 1152 254 1207 etiam
276 1151 367 1224 ipsam
389 1159 485 1203 notans
508 1142 543 1201 K
560 1157 721 1215 teneamus,
744 1162 927 1219 quaenam,
949 1149 1036 1217 obrem

95 1240 153 1297 alia
191 1236 285 1310 potius
321 1236 418 1289 littera
454 1232 613 1287 calumniae
648 1229 801 1288 damnatis
838 1234 928 1291 inun‘
961 1230 1036 1309 potall

96 1322 243 1381 'l'smenne
265 1319 389 1392 aliquem
411 1318 578 1389 scriptorem
602 1326 744 1385 veterem,
780 1321 837 1393 qui
862 1321 960 1395 ipsam
980 1320 1036 1375 nori

94 1418 145 1467 nst
167 1407 311 1472 litteram,
332 1397 576 1458 desiderabimus?
606 1398 684 1466 liuid
706 1418 817 1475 porro,
840 1405 871 1459 si
897 1422 938 1460 ex
958 1403 1036 1469 lolias',

94 1510 179 1569 quem
202 1487 337 1545 Pithoeus
358 1486 474 1557 laudat,
503 1487 566 1541 loeo
593 1487 706 1543 dinibus
732 1490 829 1545 etiam
852 1487 972 1547 Κάππα
993 1486 1037 1545 issi

94 1576 277 1635 sousuerisse
298 1568 449 1629 dieamusl
475 1570 587 1627 Paleret
608 1570 639 1625 id
659 1569 841 1631 ealanm'oe
865 1574 1037 1644 conrardi,

94 1663 207 1721 utiam
231 1657 366 1715 Pithoeus
387 1669 416 1714 et
438 1655 556 1711 Vossius
583 1667 779 1727 annotarunt,
811 1672 924 1718 notans
947 1658 997 1717 llll
1011 1676 1038 1713 er·

95 1749 220 1822 plicante
243 1743 360 1800 isidoro.
406 1741 502 1801 Unum
517 1739 601 1810 dieo,
622 1742 647 1795 si
664 1741 841 1814 lectionem,
868 1745 909 1801 de
922 1764 980 1821 qua
991 1760 1038 1812 ιιι.

94 1830 254 1891 Kalendas
275 1846 390 1897 omnes,
413 1844 469 1900 qua
490 1827 598 1883 nullam
620 1845 674 1903 ego
696 1827 817 1899 quidem
841 1828 1039 1904 haetenusprt·

94 1918 262 1975 habiliorem
285 1913 385 1983 video,
413 1930 465 1968 suo
486 1929 544 1966 non
565 1910 713 1987 indignam
735 1912 856 1971 osleulo
882 1917 975 1972 iudex
993 1914 1040 1989 opti·

96 2021 160 2059 mus
189 2000 329 2057 Ernestus
357 1996 549 2065 existimabit,
579 2007 639 2051 tum
666 1998 760 2070 ipsum
794 1998 831 2054 de
857 1997 898 2056 K
926 2002 1041 2077 persp'tea

97 2086 226 2145 Tullium
248 2102 309 2139 esse
332 2085 490 2157 loquutum.
535 2079 579 2136 lle
600 2080 737 2137 hoo-tota
758 2083 934 2142 inustionis
961 2087 1042 2142 ratiost

93 2173 157 2230 luae
179 2170 316 2243 docteque
338 2171 400 2243 agit
421 2165 633 2223 Branomanuus
655 2167 673 2224 l.
696 2185 721 2222 o.
743 2185 808 2241 oop.
833 2170 868 2227 5.
922 2170 1042 2228 Garates

180 2253 205 2335 §.
228 2255 278 2311 57.
325 2252 367 2311 Ut
394 2252 486 2310 etiosa
514 2269 568 2308 esa
595 2270 694 2309 omnes
720 2251 869 2333 oderitis]
905 2252 1044 2313 Omnsssl

94 2360 183 2400 uuum
204 2340 271 2395 libri
294 2352 405 2396 setores
426 2346 459 2393 ut
481 2338 573 2395 etiosa
592 2336 760 2394 calumniis.
806 2339 899 2419 Ego:
925 2351 960 2398 at
980 2344 1044 2400 sris·

95 2426 307 2486 aliorumnas.
351 2426 445 2492 Quum
468 2426 543 2479 enim
565 2425 679 2480 litterae
701 2424 763 2493 illi,
796 2441 878 2499 quae
912 2429 1045 2487 euluno'ut

94 2526 165 2571 uota
192 2521 279 2583 atque
308 2509 482 2586 significatio
511 2519 571 2579 est,
607 2508 643 2563 ob
672 2527 734 2564 eam
764 2526 912 2570 caussam
942 2515 1046 2571 iniurias

95 2617 157 2656 esse
179 2597 256 2652 dieat
278 2596 348 2650 istos
371 2604 551 2650 aoousatores
572 2593 731 2667 issrprobos,
761 2596 843 2668 quod
871 2597 1046 2663 vehementer,

94 2702 132 2741 ue
153 2683 189 2740 ab
211 2680 353 2737 iudioibus
374 2681 405 2735 in
428 2696 527 2735 urnam
546 2681 750 2748 eonstituatur,
772 2692 931 2756 metuant,
955 2682 1048 2741 eandss

96 2785 209 2845 quoque
236 2767 357 2823 aliarum
379 2764 440 2821 odii
461 2783 590 2821 caussam
611 2782 673 2819 esso
695 2764 929 2841 intelligendum
953 2776 1050 2843 est3tt

95 2872 196 2910 sensus
216 2850 263 2907 bic
284 2852 340 2908 sit:
363 2866 452 2922 usque
474 2868 508 2905 eo
530 2860 677 2920 metuunt,
700 2866 736 2904 ne
752 2849 891 2910 litteram
911 2857 1051 2912 illamen-

95 2941 229 3005 stituaut,
252 2947 294 3006 ut,
317 2936 430 3010 quoties
451 2935 562 2991 litteras
585 2934 655 2989 ferri
676 2945 762 3007 atquo
785 2940 945 2997 constitui
962 2939 1051 3005 rideat,

95 3022 287 3080 eonscientiae
308 3020 468 3077 calumniae
489 3018 658 3075 cohorreant
685 3036 720 3075 ae
748 3017 965 3084 reformident.
1006 3021 1053 3080 lis·

96 3116 164 3164 loss.
204 3104 246 3163 Ur
268 3111 360 3163 etiam
382 3103 463 3161 ulios
484 3103 595 3182 omnes]
617 3102 667 3159 Sio
689 3102 832 3161 edendum
856 3113 982 3180 oursel,
1002 3127 1054 3184 quo

93 3190 225 3248 rumdam
247 3190 397 3247 doctorum
419 3191 613 3247 coniecturam
635 3200 782 3262 sequutus.
830 3188 1001 3270 Signilioat
1017 3211 1054 3249 ao·

96 3289 170 3345 tem,
207 3293 256 3331 eos
292 3293 353 3330 esse
386 3293 405 3332 a
434 3276 539 3331 litteris
572 3275 682 3330 alienor
711 3283 740 3329 et
768 3274 965 3336 illitteratos.
1013 3276 1054 3335 did

96 3362 248 3418 lectionem
270 3360 417 3437 vulgatam
440 3361 581 3417 retinent:
618 3367 651 3415 at
679 3360 771 3416 etiam
800 3358 881 3418 illos
908 3360 981 3445 (sor.
1002 3360 1055 3441 aaa)

95 3462 195 3504 omnes
216 3443 353 3514 oderitis,
385 3445 481 3501 eadem
505 3446 560 3499 loci
582 3445 726 3500 sententia
748 3444 885 3517 probata.
938 3449 1055 3507 Laudis

99 3531 140 3591 Ut
163 3531 254 3589 etiam
277 3545 330 3585 eos
351 3527 461 3606 omues]
492 3529 535 3586 lta
557 3528 664 3584 diserte
685 3527 745 3584 Pal.
768 3546 812 3601 pr.
859 3529 947 3592 Nam
972 3537 1055 3593 aliisi

95 3619 187 3675 etiosa
209 3613 386 3684 calumniis,
409 3613 485 3687 quod
507 3624 536 3670 et
550 3614 585 3669 da
599 3615 660 3670 suis
678 3615 835 3671 annotavit
847 3614 1055 3689 hotomann

94 3705 145 3777 qui
165 3702 289 3759 malebat
311 3708 345 3754 ast
364 3700 457 3755 stiam
479 3698 561 3779 oliae
584 3718 700 3770 amaea,
721 3697 798 3773 quod
814 3706 928 3763 statim
952 3706 1056 3782 empsit

93 3786 250 3845 Lambinus
271 3783 417 3858 Aldusque
439 3782 550 3858 Nepos,
572 3796 659 3858 atque
681 3786 707 3840 si
729 3794 814 3840 esset.
827 3804 845 3840 e
869 3789 979 3867 libris3
1000 3790 1056 3851 malt

94 3873 233 3949 exemplo.
277 3867 399 3950 Pighius
420 3880 519 3928 nostor
540 3887 629 3947 quum
650 3870 809 3930 invenisset
831 3872 867 3931 in
893 3876 1056 3938 editionibus
