2304 4320
245 323 569 393 ennorssronss.
609 324 863 404 cse.xnrv..p
879 329 949 388 rm.
998 328 1087 406 523

117 500 241 558 Ernest.
271 497 429 579 Volgatsm
450 500 518 557 item
535 496 662 571 defendit
675 494 838 555 Schellerus
853 497 973 560 Obscrs.
986 522 1013 578 p
1027 505 1082 577 45,

117 586 279 661 perfectum
301 586 406 642 docens
427 603 512 658 saepo
534 585 659 656 positum
682 601 743 639 esse
756 597 821 657 post
835 584 1005 658 perfectum.
1036 590 1080 651 Cf.

71 669 73 699 ⁵
118 671 183 728 Cic.
205 690 257 746 pro
279 667 360 727 Sulis
381 689 405 726 c.
420 671 470 725 Β
494 666 519 750 §.
536 669 598 745 65.
618 669 665 724 ita
686 687 718 725 se
739 669 834 745 gessit
856 670 889 726 in
911 671 1082 750 tribunatu,

117 766 155 814 est
178 790 217 803 «-
241 755 317 813 nihii
335 765 443 833 posteo
464 755 526 811 nisi
548 753 585 810 de
607 755 653 810 rei
670 753 810 832 pubiieae
825 757 985 815 commodis
999 763 1080 835 cogi-

71 838 75 874 ἶ
117 843 208 898 taru't.
229 861 282 916 pro
304 840 389 897 Arcin
412 839 444 895 Ρ.
465 859 490 896 e.
506 838 534 895 5.
557 837 583 921 ᾖ.
599 841 628 896 ⁹.
672 837 811 897 Metellus
833 872 875 887 —·
895 849 990 900 tunm
1009 846 1081 902 diii.

115 929 225 1004 gestt'a
238 928 326 999 fuit,
347 934 382 982 set
403 925 445 982 ad
466 923 496 981 la
515 924 671 982 Lentulum
691 936 865 1003 praetorem
886 934 917 982 et
938 929 981 984 ad
1001 931 1081 987 iudi-

118 1031 171 1070 ces
191 1015 308 1070 venerit
326 1021 356 1069 et
370 1011 494 1070 dixerit.
518 1029 569 1085 pro
584 1008 696 1066 Muren.
718 1029 742 1066 c.
756 1010 783 1066 5.
806 1008 833 1092 ᾗ.
851 1013 899 1070 ii.
922 1011 992 1071 ibici.
1009 1035 1033 1070 e.
1048 1018 1079 1074 9.

71 1120 74 1134 ‚
117 1097 148 1181 ξ.
167 1101 218 1154 20.
248 1097 318 1159 ibid.
339 1097 430 1154 e.15.
452 1095 546 1178 §33.
574 1095 643 1152 ibici.
662 1115 687 1150 e.
705 1096 751 1150 16.
784 1093 876 1177 §.34
904 1116 956 1171 pro
979 1098 1077 1165 Deiot.

71 1187 74 1219 ³
117 1204 146 1245 e.
162 1182 190 1240 5.
213 1181 240 1264 §
259 1181 456 1256 iti-Philipp.
470 1182 505 1253 V,
528 1199 552 1239 c.
567 1182 613 1236 12.
637 1177 664 1261 §
678 1182 729 1239 33.
773 1178 831 1238 Sed
852 1194 951 1239 tomen
969 1182 1001 1240 iri
1023 1187 1080 1245 loci

71 1339 74 1344 Ι
118 1289 186 1329 cunr
216 1269 312 1325 verbis
341 1269 449 1324 nostris
475 1267 633 1341 comparari
661 1285 717 1322 non
740 1265 895 1338 debebant,
928 1280 1080 1344 propterea

71 1382 76 1394 ·
117 1353 197 1429 quon
220 1364 379 1428 temporum
400 1352 557 1426 aequalitas
578 1363 677 1407 nostro
700 1352 763 1408 ioco
786 1351 937 1409 ohservare
953 1373 1011 1411 non
1027 1369 1081 1415 est.

71 1449 79 1481 Ι
114 1436 245 1496 Bcckius
267 1457 326 1513 reor
350 1436 496 1512 expedivit
517 1437 573 1494 sic:
604 1436 752 1507 „debebat
774 1456 790 1493 a
813 1435 871 1495 Cic.
893 1436 996 1502 scribi:
1027 1460 1079 1498 ne-

71 1536 83 1590 ξ
119 1543 177 1599 quc
200 1525 233 1579 ‹le
255 1522 299 1580 iris
321 1523 404 1578 rebus
426 1519 511 1603 (Sex.
534 1519 632 1577 Roscii
660 1523 749 1595 petris
777 1523 873 1579 animo
895 1533 925 1579 et
947 1521 1038 1606 sorte)
1061 1547 1079 1588 a

71 1623 83 1656 ³
118 1612 223 1692 legatis
239 1609 379 1665 Amerinis
393 1600 616 1663 Suiiam¹doceri
637 1623 749 1678 possum
772 1624 840 1664 esse.
885 1604 942 1673 Sed
965 1629 1078 1670 accom-

71 1710 82 1749 ἱ
118 1696 249 1755 nrorinrit
271 1714 303 1753 eo
325 1693 362 1750 ad
383 1700 558 1748 structuram
580 1689 737 1764 praecedo,
758 1702 885 1769 tempore
902 1702 998 1750 tamen
1019 1714 1082 1753 ser-

72 1795 84 1850 !
119 1784 222 1839 nato.“
264 1777 337 1833 Rem
360 1776 474 1834 videtur
495 1776 597 1831 melius
619 1776 797 1850 perspexisse
818 1774 1008 1853 Matthiaeus‚
1031 1783 1081 1856 qui

71 1882 85 1939 s
119 1862 192 1922 haec
214 1863 326 1920 ottuiit:
355 1859 468 1932 „Quod
497 1871 592 1917 autern
623 1871 688 1934 post
715 1861 798 1936 plura
826 1863 992 1938 imperfecto
1014 1885 1080 1941 per.

71 1968 85 2003 s
121 1951 230 2007 fectum
255 1964 366 2024 possus
396 1962 453 2002 non
480 1947 522 2002 sit
548 1947 693 2019 sequitur,
725 1965 758 2002 eo
787 1946 893 2004 fectum
917 1957 975 2018 est,
1003 1950 1081 2025 quod

71 2040 84 2090 ι’
121 2037 219 2113 priora
241 2033 367 2088 actiones
389 2033 540 2088 continuas
569 2040 598 2086 et
626 2032 737 2106 saepius
766 2034 901 2107 repetitas
924 2032 1080 2110 declarent,

71 2138 83 2176 s
120 2121 254 2177 ultimum
276 2135 336 2172 resr
359 2129 436 2173 certo
458 2118 554 2191 aliquo
573 2126 699 2190 tempore
714 2117 889 2191 absolutam,
914 2129 974 2176 tum
992 2130 1080 2196 q'uum

71 2212 83 2264 i
120 2206 211 2285 legati
233 2203 431 2258 Amerinorum
453 2199 616 2258 Volaterras
640 2206 808 2259 venerent.“
852 2201 963 2263 Neutra
985 2218 1080 2266 tamen

71 2306 83 2351 t
119 2290 204 2348 nobis
226 2288 384 2358 satisfacit,
411 2303 515 2360 quum,
545 2305 617 2362 qnae
644 2288 732 2344 aliato
752 2298 820 2345 sunt
841 2302 1027 2369 argumente,
1055 2294 1081 2352 si

71 2398 81 2439 t
121 2394 179 2452 quo
200 2384 278 2444 sunt,
300 2390 357 2430 non
379 2383 437 2429 tam
460 2373 518 2429 sint
538 2372 630 2446 firme,
654 2383 686 2429 ut
706 2371 779 2429 hanc
802 2379 858 2430 tani
873 2375 972 2432 durem
995 2389 1081 2453 etque

71 2488 79 2525 ι
120 2461 244 2517 subitam
273 2468 432 2532 temporum
463 2459 692 2516 immutationem
725 2458 820 2534 aiiquo
855 2460 939 2517 modo
968 2465 1082 2537 possint

71 2570 81 2610 t
122 2563 267 2603 excusare.
317 2540 488 2600 Medicinam
518 2555 613 2601 autem
645 2544 794 2603 verborum
825 2548 973 2620 quaerenti
1003 2545 1081 2604 houd

71 2647 80 2696 i
122 2630 208 2687 saciie
230 2631 288 2686 ulia
309 2627 379 2685 mihi
401 2627 519 2686 offertur
541 2630 611 2701 aiio,
635 2648 720 2706 quam
743 2647 815 2703 qnae
837 2649 870 2686 eo
886 2629 1023 2704 eflicitur,
1047 2643 1081 2690 ut

71 2746 77 2783 ι
122 2715 210 2774 rerba
233 2723 266 2770 ut
288 2713 367 2770 hisce
389 2712 425 2770 de
447 2714 534 2772 rebus
556 2735 573 2772 o
594 2715 738 2790 prioribus
761 2715 877 2770 omnino
900 2715 1084 2795 distinguan-

71 2830 80 2870 t
123 2811 180 2858 tur.
225 2800 290 2866 Quo
319 2799 397 2857 iacto
425 2801 566 2876 particula
593 2808 628 2856 stt
655 2818 708 2874 pro
734 2818 912 2877 quamquam
940 2809 984 2856 est
1005 2803 1082 2858 acci-

71 2899 76 2980 p
122 2884 226 2959 pienda
254 2883 312 2964 (cf.
340 2897 437 2945 annot.
468 2885 504 2941 act
532 2883 558 2966 ξ.
585 2884 685 2960 HL),
723 2885 799 2940 unde
827 2885 980 2942 verborum
1012 2885 1081 2944 heco

71 3026 80 3042 „
122 2972 254 3026 exoritur
274 2972 430 3028 sententio:
464 2967 505 3027 Ut
528 2970 697 3043 concedam,
727 2969 855 3026 consciens
879 2970 914 3026 de
936 2968 1013 3028 hisee
1034 2992 1082 3029 re.

71 3120 73 3133 Ι
122 3056 176 3111 bus
197 3055 294 3110 doceri
318 3054 346 3110 h
371 3053 481 3113 Suiiam
510 3073 623 3130 pessum
653 3074 711 3112 non
739 3074 817 3136 csse,
848 3055 971 3132 denique
992 3060 1080 3116 etiem

71 3174 80 3216 5
121 3139 194 3196 iilud
216 3141 346 3213 suspicor
367 3149 396 3195 et
418 3158 444 3215 q.
467 3159 489 3196 s.
533 3143 626 3208 Quam
647 3142 799 3198 verborum
820 3142 1079 3215 interpunctionem

71 3243 81 3322 p
121 3237 157 3281 ut
177 3227 224 3281 nei
248 3227 372 3281 cinxi-me
393 3227 590 3300 comprobem,
611 3227 682 3283 illud
705 3227 870 3299 cumprimis
892 3227 978 3300 fecit,
1002 3228 1079 3302 qnod

71 3337 80 3389 p
123 3312 165 3365 ric
187 3311 269 3385 quusi
291 3313 466 3385 praeteriens
487 3323 585 3369 orator
599 3325 628 3369 et
641 3313 751 3369 inritus
765 3309 820 3366 hoc
835 3315 964 3391 attingit,
988 3313 1082 3390 Chry-

123 3414 263 3472 sogonum
292 3397 404 3476 legatos
432 3396 599 3470 impedisse,
635 3415 691 3472 quo
725 3397 819 3452 minos
847 3399 883 3456 eti
913 3397 944 3456 ¹1·
969 3398 1080 3455 Sullam

71 3534 78 3548 ,
123 3481 299 3536 moderent.
343 3481 419 3550 Quiri
450 3478 514 3538 itai
545 3481 621 3558 quod
649 3501 736 3556 supra
762 3481 894 3556 pinriirns
920 3485 1016 3541 verbis
1046 3482 1080 3538 sie

71 3600 81 3646 p
124 3563 187 3621 'i'iti
211 3562 307 3622 Roscii
329 3565 478 3643 Capitonis
499 3567 619 3641 perfidio
640 3569 781 3624 disserens
803 3570 890 3627 istum
912 3571 1008 3642 potius
1030 3586 1084 3624 ne-

71 3684 81 3732 p·
123 3649 255 3706 inionem
277 3669 368 3726 neque
390 3652 609 3730 Chrysogonum
631 3655 772 3711 rtrruisse
793 3654 873 3712 dolos
895 3653 1080 3721 asseveravit,

71 3776 79 3823 Ι,
123 3735 226 3808 quibus
248 3754 345 3792 omnes
365 3738 462 3795 aditus
483 3738 739 3796 intercluderentur
760 3739 873 3817 legatis.
908 3737 944 3795 cf.
967 3734 993 3818 §
1015 3739 1083 3794 ¹10.

71 3852 78 3908 p
123 3819 182 3893 ipsi
203 3830 298 3877 sutem
328 3840 413 3896 quum
437 3835 511 3880 esset
536 3842 715 3898 persuasum,
750 3825 901 3898 plurimum
926 3825 955 3879 in
977 3821 1031 3879 hee
1051 3840 1083 3878 rs

71 3957 75 3995 ι
122 3904 226 3963 iecisse
247 3902 481 3986 Chrysogonum,
514 3910 617 3967 ieviter
647 3921 759 3969 tentum
790 3908 845 3964 hoo
872 3910 967 3966 voluit
993 3909 1084 3966 susak

798 4005 876 4082 ‘li'
