2304 4320
93 328 175 408 css
261 325 580 387 susurra-muns,
622 326 712 393 cnr.
732 329 786 391 x.
811 336 847 411 s.
865 335 922 393 ιι.

94 530 155 575 τος
181 502 319 580 σύμμαχος
348 495 454 573 ἀπήντα
479 497 543 575 μεθ’
558 489 590 575 ἧς
617 496 672 572 εἶχε
702 509 898 578 συμμαχίας,
926 499 1020 564 duddan

95 597 133 653 iu
153 586 198 650 ὧν.
243 588 289 645 Ex
311 587 414 662 quilurs
437 588 560 659 Appiani
582 587 680 643 veritis
705 606 808 663 qurum
828 590 977 647 Metellum
993 590 1020 646 tu

94 678 183 736 muse
206 676 312 750 optime
341 673 540 749 intelligutur,
569 675 618 746 qui
640 692 672 728 se
696 684 806 731 tutum
834 675 868 731 '11
894 675 986 731 Sullae
1002 695 1020 748 pr

94 763 201 820 tetes-is
225 760 383 822 addixerit,
405 761 617 815 consectarium
639 769 695 828 est,
720 761 875 817 eunrdem
893 761 971 817 Pium
988 764 1020 817 etis

95 859 226 906 acueram
256 841 415 924 (κηῦισιὴν,
447 851 480 897 ιιι
508 844 549 899 ait
578 838 669 916 Plut.)
701 845 898 916 dictatoris,
927 847 1020 904 Caecilia

95 938 190 991 ddtem
213 949 271 987 uon
292 928 403 985 Metelli
426 926 547 1002 Nepotis
569 929 618 984 sed
643 927 688 983 tii
718 931 826 987 fuisse
853 931 956 988 liliam.
991 933 1020 996 liri

94 1019 210 1095 quidem
229 1015 397 1072 testimonla
418 1011 605 1070 arultiiariam
628 1014 778 1092 adaugeri
803 1028 948 1091 possunt.
984 1015 1020 1072 Nu

95 1116 150 1180 que
176 1113 210 1157 ut
230 1111 378 1156 taceamus
401 1098 435 1153 dc
460 1097 607 1154 Plutarchi
636 1099 759 1157 verbis:
796 1102 963 1179 πρᾳότατον
983 1108 1020 1158 tri

95 1187 219 1263 κοινωνία
248 1187 379 1260 γενέσθαι
406 1184 453 1256 τῆς
480 1180 576 1261 ἀρχῆς,
605 1202 677 1258 quae
711 1186 962 1262 locupletissimo
983 1187 1019 1242 th

94 1273 261 1330 tettiluonic
284 1268 492 1326 confirmantur
515 1269 567 1348 (cf.
582 1268 617 1325 N.
635 1270 668 1326 A.
682 1271 703 1328 l.
717 1269 795 1343 XV,
812 1291 886 1349 cap.
904 1270 975 1356 28.)‚
991 1273 1020 1327 ide

94 1355 268 1417 Plutarchus
288 1353 387 1411 Sullae
409 1374 539 1412 socerum
558 1353 728 1410 Pontificem
750 1356 931 1415 Maximum
951 1360 1020 1432 appell

94 1447 114 1502 l.
128 1447 146 1501 Ι.
158 1463 188 1518 p.
207 1442 272 1499 186.
295 1440 491 1514 τὴνΜειιΊλου
512 1445 655 1517 θυγατέρα
675 1443 726 1499 τσῦ
750 1439 919 1520 ἀρχιερέως.
953 1445 1020 1500 Consu

94 1539 207 1598 nutem,
231 1525 378 1583 Metellum
400 1525 483 1582 Pium
505 1536 622 1601 propter
645 1528 763 1603 insigne
788 1531 908 1603 patris,
932 1533 974 1585 cui
990 1543 1020 1601 ap

94 1624 180 1691 atque
203 1614 272 1690 igne
296 1610 482 1669 interdictum
505 1624 583 1680 erat,
612 1613 642 1667 in
664 1613 796 1686 putrium
820 1616 984 1672 reducendi
997 1626 1020 1667 ru

94 1702 173 1758 dium
200 1700 232 1755 iu
259 1707 342 1753 tauta
363 1697 452 1752 luisse
475 1697 549 1770 apud
574 1696 718 1753 Romanos
748 1699 864 1771 laude,
896 1713 932 1757 ut
952 1698 1020 1757 selu

94 1784 289 1862 appellaretur
317 1792 346 1836 et
375 1783 405 1837 in
439 1784 577 1856 petitione
612 1780 804 1856 pontificatus
838 1789 949 1844 nrrsltis
975 1788 1020 1859 iisp

94 1869 295 1928 consularibus
308 1868 381 1923 viris
403 1869 487 1922 etiam
508 1879 569 1922 tum
593 1865 1020 1929 adolescens-anteferremr.t

92 1957 177 2014 Auet.
200 1955 235 2010 de
257 1956 314 2016 sir.
338 1954 445 2014 illustr.
468 1954 498 2008 ἰιι
521 1951 588 2009 liet.
610 1951 642 2013 P.
658 1986 696 1997 -
717 1950 864 2012 l'reinsh.
891 1954 1020 2034 supptlt

92 2043 113 2099 l.
132 2037 242 2110 1.th
262 2057 323 2114 cap.
338 2041 389 2093 to.
411 2039 514 2094 Asccn.
533 2041 565 2094 in
582 2034 667 2094 Corn.
683 2057 710 2113 p.
726 2040 778 2095 80.
799 2041 852 2098 ed.
876 2043 969 2100 Orell.
1000 2041 1020 2096 lt

94 2127 173 2183 cedit
201 2126 295 2200 quod,
327 2125 351 2180 si
374 2121 525 2194 Cornelia,
551 2122 650 2179 Sullae
678 2141 771 2192 uxor,
799 2123 928 2185 Metelli
950 2127 1020 2201 Nepol'

92 2210 196 2267 fuisset
217 2209 296 2280 fille,
325 2207 428 2277 verba,
457 2226 529 2283 quae
551 2209 630 2264 infra
651 2206 678 2290 ᾗ.
704 2211 762 2265 147
786 2211 961 2288 leguntur,
986 2227 1020 2267 om

7 2301 9 2305 ’
92 2295 231 2352 destituta
253 2313 371 2368 prorsus
393 2293 490 2350 forent
511 2296 666 2368 explicatu.
707 2293 849 2369 Explcsa
870 2301 971 2377 ‘igitur
988 2296 1020 2353 Pu

92 2379 207 2458 tagathi
229 2382 373 2436 sententia
394 2379 685 2453 circumspiciendum
709 2384 770 2448 est,
793 2396 858 2454 qua
884 2387 1020 2458 possintu

93 2465 312 2546 gumentatione
340 2463 477 2520 librorum
502 2465 589 2520 verba
607 2473 677 2540 'apte
698 2463 830 2520 defendi.
884 2469 962 2528 lllud
985 2473 1020 2522 cul

92 2552 184 2608 statui
204 2550 321 2624 nequit,
341 2547 452 2606 Metelli
473 2547 613 2623 Nepotis,
639 2552 688 2624 qui
711 2567 777 2605 cnm
801 2547 841 2606 T.
873 2552 968 2612 Didio
986 2566 1020 2608 al

92 2637 154 2694 656
175 2635 233 2693 tuit
254 2634 375 2704 consul,
402 2631 620 2704 liliamfnirm,
647 2644 751 2710 quum,
776 2637 864 2709 quod
890 2632 1020 2716 Pantagsl

92 2723 277 2798 opposuimus
298 2718 447 2793 opinioni,
476 2719 550 2775 idem
572 2717 648 2776 hanc
674 2719 805 2776 infirmet
828 2727 1020 2799 explicatione

91 2819 178 2882 atque
200 2806 274 2862 adeo
295 2804 441 2874 desonam
464 2822 502 2860 ex
520 2805 630 2860 ‘eisdem
653 2817 748 2861 antem
770 2806 882 2864 verbis
898 2810 1020 2867 Caecilia

90 2890 234 2967 Raleurici
256 2889 363 2959 liliam,
391 2908 454 2945 csse
476 2889 702 2968 intelligendam
723 2891 908 2964 plenissime
932 2891 1020 2970 cuargd

91 2987 148 3034 tur.
197 2976 328 3051 Namque
355 2974 410 3032 hoo
436 2975 502 3030 locu
533 2973 629 3055 (infra
658 2972 685 3056 ξ.
715 2971 807 3052 147.)
839 2984 968 3038 tametsi
991 2978 1020 3034 lu

92 3061 251 3120 Balearica·
273 3061 360 3131 fitia,
382 3057 507 3137 Nepotis
528 3078 630 3118 sorore
659 3058 694 3116 ab
724 3062 907 3137 glossatore
938 3065 1020 3142 proles

92 3158 155 3202 ease
185 3144 268 3202 nobis
299 3156 343 3202 est
372 3147 639 3220 persuasissimum,
668 3147 711 3200 ita
739 3155 774 3200 ut
802 3166 841 3203 ea
876 3151 978 3208 delere
999 3167 1020 3204 nl

91 3229 328 3298 dubitaverimus,
350 3241 446 3286 tamen
469 3233 644 3306 sequentia:¹
662 3248 748 3307 paam
768 3242 907 3306 putrem
931 3236 1020 3294 clario

90 3326 184 3386 mum,
207 3315 404 3392 amplissimos
424 3324 566 3391 patruos,
588 3317 815 3372 ornatissimam
835 3321 986 3390 fratrem
1002 3317 1020 3373 o

91 3400 172 3458 besee
189 3401 312 3456 ’nonnisi
330 3400 365 3456 de
382 3398 526 3456 Balearici
546 3400 618 3472 tilia,
640 3404 769 3456 cuiusce
786 3412 934 3481 tempore
956 3423 1020 3466 suun

90 3498 154 3544 arat
169 3487 335 3541 'anctorltas
358 3497 443 3560 atque
460 3488 619 3560 amplitudo
640 3486 692 3567 (ef.
707 3484 767 3541 Cle.
783 3487 822 3545 de
839 3488 955 3553 Dicin.
968 3507 1015 3565 cap

90 3580 119 3629 ιι
141 3580 170 3629 ι,
198 3571 264 3640 44.)
291 3571 419 3647 eogitari
448 3588 531 3644 posse
559 3573 767 3630 demonstrant.
821 3574 953 3638 Etenim
978 3575 1020 3635 ml

89 3668 212 3715 mussa
229 3652 416 3713 ttctellerum
438 3655 509 3711 hoe:
957 3696 960 3701 .
