2304 4320
94 289 180 371 ono
229 286 558 353 euuoruuouus.
599 285 684 351 cur.
693 287 868 353 xxxiv.
891 292 978 370 poe.
1004 326 1009 339 .

93 480 199 525 nornen
220 471 353 522 tenerent
374 461 525 519 consulum
546 472 576 519 et
596 461 663 519 illos
684 472 925 536 praepotentes,
946 465 990 539 qui
1004 483 1046 522 coe

95 553 173 609 eules
199 567 302 607 revue
329 557 437 603 essent.
458 579 496 593 ..„
542 544 642 621 Neque
671 546 710 604 eb
733 546 925 606 latinorum
949 547 1048 609 eluere

95 637 272 695 Graecorum
303 630 417 688 dicendi
444 630 638 704 consuenudo3
673 631 712 689 cf.
735 631 856 708 Eurip.
879 632 971 714 lpbig.
989 631 1048 692 Teu.

95 742 124 780 v.
142 722 193 777 38.
219 715 286 778 θύω
306 716 377 793 γὰρ,
405 711 486 783 ὄντος
504 718 556 776 τοῦ
576 715 662 791 νόμον
681 718 734 776 eoi
755 718 940 794 copie-redies
958 731 1005 777 ete
1026 719 1047 777 d

96 802 184 863 Seidl.
206 803 276 862 ibid.
299 823 326 860 v.
349 802 421 858 677.
444 837 484 848 -
517 800 670 860 Heindorf.
690 804 732 861 ed
756 803 844 863 Plet.
868 804 967 863 Peren.
984 802 1047 884 §.ll

95 892 131 948 td
154 888 259 948 Pbeed.
282 886 308 970 ξ.
325 888 375 944 23.
420 885 505 945 Unde
526 888 650 965 intelligi
672 899 788 963 potest,
817 893 877 966 qui
900 890 1046 960 fectum

93 977 197 1050 copule
219 982 249 1031 et
271 992 323 1048 pro
347 973 439 1030 elion
461 991 665 1047 saepenumero
688 977 932 1047 pronominibus
952 976 1045 1034 invene

94 1070 144 1117 tur
165 1060 339 1136 paepositus,
369 1055 407 1114 ol.
429 1057 465 1114 de
486 1056 555 1115 Nol.
576 1056 663 1114 Deor.
686 1057 747 1128 ΙΙΙ,
769 1079 801 1116 e.
823 1063 880 1119 ll.
904 1059 992 1140 §lt
1023 1057 1044 1115 l

94 1164 148 1221 ego
170 1162 298 1222 quaero,
321 1142 399 1200 unde
420 1145 605 1214 orationem,
626 1142 896 1218 undeciremem,
920 1147 1043 1205 eedecee

94 1240 143 1289 ise
164 1227 442 1308 (arripuerimus).
466 1263 506 1274 —
540 1227 613 1285 Vide
633 1231 788 1306 exemplu,
817 1250 901 1307 quee
918 1233 999 1290 Wolf.
1014 1231 1043 1287 ll

95 1317 202 1374 attulit.
240 1314 278 1371 ef.
298 1312 390 1370 Beier.
417 1313 455 1371 ed
477 1313 535 1374 Cio.
558 1314 594 1371 de
615 1313 671 1371 ΟΙΙ.
693 1313 755 1387 ΙΙΙ,
789 1335 820 1374 o.
846 1320 879 1375 6.
914 1315 1005 1396 ΜΤ.
1020 1349 1042 1363 -·

94 1399 150 1457 Hie
176 1401 269 1478 igitur
296 1399 427 1456 omnibus
453 1401 735 1477 ergumentelionenr
771 1414 920 1482 nostram
947 1404 1042 1459 nolunt

94 1485 258 1543 confirmari
290 1486 349 1555 its,
384 1494 418 1543 st
451 1485 553 1543 iisdem
580 1484 730 1543 honusti
759 1485 879 1546 Vellse
907 1489 1041 1546 centullo

93 1569 307 1649 rederguernus.
350 1569 553 1628 Verunutssnen
581 1589 659 1642 eum,
690 1587 784 1644 quem
816 1571 1041 1649 exposuimusd·

94 1655 177 1713 cendi
190 1655 425 1713 consuetudinem
438 1654 539 1714 Cicero
551 1674 640 1731 quum
655 1656 781 1713 minime
799 1662 965 1733 respuerit,
977 1657 1042 1715 oles

94 1742 149 1799 sibi
170 1742 248 1799 viem
269 1760 322 1798 cur
342 1741 467 1799 uoluerit
489 1743 573 1816 qussi
594 1743 799 1813 conmunire,
831 1756 870 1803 ut
893 1745 1041 1821 copulent

93 1837 245 1900 usurperet
265 1844 318 1901 pro
340 1827 447 1897 etiem,
481 1829 595 1884 etiamsi
622 1827 747 1884 ultorum
776 1831 956 1888 membrum
980 1830 1041 1888 suin

94 1911 162 1968 eddi
174 1930 231 1969 non
249 1923 361 1986 posset,
381 1911 512 1986 equioe-
527 1931 584 1969 non
599 1929 745 1986 aequor.
797 1915 894 1983 Quod
910 1935 970 1992 quo
982 1916 1041 1972 nne

93 2006 269 2068 statuemus,
292 1996 363 2054 nibil
385 2007 445 2069 eet,
467 1996 544 2071 quod
566 2016 619 2055 nos
640 1996 811 2070 deterrent,
835 2002 934 2058 modo
949 2012 981 2059 ut
994 1997 1040 2057 cede

92 2101 140 2139 ces
161 2083 364 2140 assentientur.
407 2080 452 2139 cf.
470 2080 530 2139 Cic.
554 2102 607 2157 pro
625 2083 725 2149 Quint.
748 2102 776 2140 e.
794 2085 855 2144 3⁰.
880 2084 981 2166 §uo
1003 2100 1040 2163 pt

92 2176 155 2238 eet,
177 2176 208 2225 et
228 2165 307 2224 bunc
328 2169 467 2225 mineram
489 2177 581 2245 etque
604 2166 756 2242 infelicem
775 2169 960 2249 aliquando
977 2181 1039 2229 lese

93 2251 166 2331 (⁸503
195 2253 232 2311 ei.
254 2264 352 2310 onnot.
374 2253 410 2310 ed
432 2250 458 2333 §.
473 2249 517 2334 8.)
537 2271 625 2331 posce
647 2255 831 2315 consistere.
856 2293 905 2304 —-
942 2256 973 2314 ln
991 2257 1038 2314 ln.

93 2336 144 2409 lv,
165 2357 189 2394 c.
205 2340 255 2396 dl.
277 2341 306 2414 ἦ.
323 2339 392 2396 136.
424 2338 523 2396 Simul
543 2349 574 2397 et
594 2338 739 2411 verebor,
764 2361 809 2399 see
833 2344 998 2402 mulieres
1013 2358 1039 2397 er

92 2422 194 2481 biliese
217 2432 246 2480 et
259 2425 469 2496 formosorum
490 2427 599 2501 gretie
628 2437 657 2482 et
677 2443 706 2499 p·
727 2444 752 2482 e.
802 2425 885 2486 ibid.
911 2430 949 2501 V,
979 2449 999 2486 e
1015 2426 1037 2483 ll

91 2506 187 2587 348.
215 2508 293 2587 quod
313 2517 342 2567 et
364 2510 536 2584 cuondam,
559 2530 647 2590 quem
669 2510 744 2567 istos
764 2513 968 2590 produxero.
1004 2507 1039 2568 vil

92 2596 211 2669 Zumpt.
233 2594 263 2652 L.
287 2595 339 2652 Gr.
361 2614 387 2670 p.
403 2597 474 2653 292.
500 2632 540 2642 -
571 2595 706 2666 Accedit,
728 2598 812 2670 quod
836 2601 980 2658 eumdem
999 2595 1038 2654 lo

91 2682 162 2739 lium
184 2700 243 2738 eon
265 2679 358 2738 solem
379 2715 421 2726 --
444 2681 500 2740 ced
521 2691 551 2740 et
573 2700 625 2758 pro
647 2680 700 2738 ced
721 2683 821 2740 etioee
846 2688 999 2762 scripsisse
1012 2699 1038 2738 u·

91 2768 155 2844 geri
178 2784 236 2823 non
257 2779 361 2840 potest.
404 2766 447 2824 cf.
470 2770 502 2824 iu
524 2767 605 2824 Verr.
626 2768 691 2825 Aet.
712 2766 742 2837 Ι,
773 2789 801 2827 c.
824 2771 855 2826 Ι.
889 2768 923 2850 §
943 2774 969 2828 Ι.
994 2782 1038 2847 put

90 2870 149 2910 eon
170 2851 254 2909 modo
268 2850 396 2922 Romae,
419 2853 473 2910 eod
494 2862 524 2910 et
538 2852 622 2932 apud
634 2862 759 2910 exterae
775 2857 934 2915 notionee
948 2855 1038 2914 ceint!

90 2955 225 2996 mone
246 2938 403 2996 increbuit.
445 2939 484 2995 At
506 2939 583 2997 dicet
604 2939 727 2995 fortusse
747 2941 929 3016 quispiam,
960 2939 1038 2999 seed!

90 3022 143 3080 eed
164 3033 195 3082 et
215 3042 275 3081 non
296 3036 355 3082 tem
377 3041 428 3098 pro
451 3023 505 3081 eed
526 3026 634 3095 etiam,
657 3041 743 3098 quern
764 3043 822 3097 pro
845 3028 909 3085 ned
923 3027 993 3086 odeo
1004 3037 1037 3080 eet

90 3106 243 3165 bebendus.
279 3109 316 3167 of.
338 3108 443 3165 Bromi.
464 3109 502 3166 od
524 3109 609 3168 Corn.
631 3106 703 3182 Nep.
730 3110 788 3167 vit.
811 3107 969 3191 Thrasyl.
995 3109 1038 3173 el

89 3212 112 3250 s.
126 3193 147 3249 f.
162 3226 207 3239 —
241 3191 339 3261 Quiul
373 3196 492 3252 voculae
514 3195 568 3252 eed
588 3196 680 3253 eliam
701 3211 771 3249 num
794 3199 931 3274 negabis
953 3209 1039 3271 nequer

88 3281 132 3337 ite
159 3296 221 3334 esse
248 3291 417 3353 usurpatos,
445 3290 478 3337 ut
505 3282 566 3339 vim
588 3299 656 3357 pree
677 3297 708 3335 se
728 3277 832 3338 ierunt
856 3285 1041 3358 porticulum·

89 3364 142 3425 sed
163 3361 259 3421 odeo?
288 3363 337 3421 Nil
360 3383 464 3421 moror.
483 3401 522 3411 -

182 3447 254 3506 Cur.
275 3448 424 3506 XXXlV.
452 3447 479 3531 ᾗ.
503 3450 554 3507 95.
597 3448 779 3506 cuicuimodi
808 3471 866 3526 ee,
914 3452 950 3512 Τ.
970 3443 1042 3525 niel

88 3536 255 3594 Priscianus
276 3535 339 3590 loco
366 3553 391 3592 c.
415 3529 450 3616 (l.
471 3531 570 3614 Xlll.)
597 3534 641 3591 ed.
662 3533 783 3593 Putseh.
813 3556 847 3612 p.
874 3541 954 3600 959.
974 3533 1043 3599 Rosci

90 3638 263 3697 praenomen
284 3619 411 3691 omittit,
442 3630 471 3676 et
492 3621 616 3679 fortusse
635 3622 679 3678 ite
700 3639 881 3698 perperam,
915 3639 952 3687 ut
972 3647 996 3684 v.
1012 3638 1044 3680 se

89 3706 182 3764 luieee
208 3722 322 3781 quoque
345 3706 493 3779 praeterit.
538 3703 597 3762 Sed
619 3707 802 3765 cuicuimodi
824 3711 937 3772 firmet
957 3714 987 3771 in
1003 3706 1045 3767 Pr'r

89 3795 187 3850 seleno
208 3791 329 3849 Vossius
350 3788 385 3846 de
405 3791 540 3867 anologio
561 3790 590 3862 Ι,
612 3794 663 3848 47.
685 3794 798 3851 veteris
821 3798 974 3858 editionis
991 3790 1045 3856 llll

89 3879 192 3952 suique
223 3877 330 3934 codicis
358 3876 462 3952 optimi
490 3877 742 3954 antiquissimique
773 3880 944 3966 suffugio.
990 3877 1045 3943 lui·
