2304 4320
150 298 471 361 suuorsuouus
506 296 960 379 csu.v11.p.uo.vrup.ns.
988 297 1067 373 1¹15
1118 318 1122 333 ·

95 482 158 543 est,
180 472 258 547 quod
280 470 458 529 Scholiasta
479 472 651 543 indicnt'iu,
666 480 773 528 costra
794 469 827 532 L.
847 468 951 529 sotice
975 469 1066 528 Volu-

97 566 233 615 terrumc
254 558 400 632 defertur.
428 557 498 616 Scio
520 548 555 615 si)
578 555 801 633 imperatoribus
823 576 929 613 nomen
949 557 1065 630 nepio·

97 654 200 701 cnstrs
223 645 369 714 snussisse,
390 652 424 701 ut
446 653 552 701 castr-u
569 643 753 713 Claudiana,
770 640 947 699 Cornelisns
967 642 999 697 in
1015 640 1066 697 hi·

71 758 74 765 ·
98 731 154 791 uio
184 730 306 807 legimus
328 738 359 785 et
379 730 456 803 npud
479 729 632 804 Hisponici
652 727 728 783 uelli
756 729 930 802 scriptorem
959 735 1066 783 cestra

71 820 75 845 ·'
101 810 329 884 Posthsmiuss,
352 814 487 889 oppidum
509 814 671 889 Hispaniae
691 812 836 869 Boeticns.
863 813 929 879 Qun
950 813 1068 869 ratione

99 896 151 954 hic
171 909 268 957 cestre
288 909 396 955 eastre
418 899 549 956 Sullano
570 900 607 955 od
625 898 791 955 Volaterras
813 898 943 957 dicende·
957 896 1074 954 forent.-

71 996 74 1021 2
99 982 208 1040 ilerum
235 985 307 1058 quid
335 984 469 1058 prohihet
489 984 682 1042 Volaterrnns
703 982 752 1039 hio
774 985 959 1060 intelligere,
989 1000 1071 1056 quos-

71 1075 75 1093 *
97 1084 189 1143 prope
213 1068 381 1125 Voluterrss
403 1067 507 1128 erenti
540 1068 623 1127 Nihil
644 1080 741 1125 temen
761 1067 885 1127 cllirmo.
911 1068 1063 1125 (iuratos.

71 1180 74 1196 ·
97 1150 275 1229 Recepimus
297 1156 472 1230 scripturam
495 1174 532 1212 ex
545 1155 654 1212 veteris
669 1152 852 1211 scholiastae
875 1153 1062 1229 conspicuum

96 1240 236 1317 uestigiis
264 1239 477 1311 Volaterrana,
498 1252 653 1315 propterea
674 1239 750 1315 quod
772 1250 870 1295 cestre
892 1256 980 1313 prope
1003 1238 1063 1295 Vo-

96 1326 225 1381 laterras
246 1325 337 1382 lusisse
359 1325 436 1383 inlrs
456 1325 671 1401 deolsrntipss
693 1328 723 1400 ἦ.
739 1325 807 1382 105.
822 1325 865 1381 ad
883 1323 1062 1383 Volaterras

71 1434 73 1447 ¹
98 1410 133 1466 iss
161 1419 267 1467 eastra
294 1410 326 1468 h.
357 1410 463 1471 Sullae
486 1444 522 1456 -
553 1411 708 1485 defertur,
735 1412 756 1467 i.
778 1429 802 1470 e.
832 1411 865 1471 in
896 1420 993 1467 cestre
1021 1410 1060 1468 nd

96 1494 269 1552 Volstcrrns
288 1499 392 1570 positu
434 1497 565 1566 Accedit,
586 1496 664 1571 quod
684 1496 888 1552 malesuasus
909 1494 996 1553 hsec:
1017 1496 1069 1553 sd·

98 1577 338 1658 Chrysogonum,
361 1584 394 1639 iu
415 1593 539 1654 castro,
567 1581 752 1638 Volaterras.

183 1666 210 1739 ξ.
234 1668 284 1723 20.
327 1688 364 1725 us
392 1667 506 1725 diutius
533 1664 663 1744 teneam]
692 1665 778 1745 Vulg.
801 1684 837 1724 sc
865 1666 978 1724 diutius
1005 1682 1059 1725 sot

95 1759 225 1809 iescam.
267 1751 433 1811 Pronomen
462 1771 531 1823 oon,
561 1751 638 1827 quod
670 1753 800 1826 plerique
828 1751 912 1809 codd.
941 1751 1068 1810 Oxonur-

96 1838 207 1911 sliiqne
236 1839 393 1908 omittunt,
421 1842 632 1912 expunximus,
659 1852 747 1911 quum
774 1835 892 1901 dubium
921 1854 981 1893 non
1008 1836 1060 1906 sit,

96 1922 170 1996 quin
193 1921 331 1979 delentur
352 1922 480 1981 lihrsrio.
523 1922 706 1998 Expliesndn
729 1923 807 1979 enirn
829 1920 902 1978 hoec
921 1921 1067 1991 formuls,

96 2023 174 2080 quse
196 2008 280 2080 plene
301 2008 457 2081 respondet
478 2010 599 2065 vocnlne
621 2020 738 2063 nostroe
759 2005 847 2079 leurs,
868 2009 914 2063 sic
935 2016 1067 2063 est:·ns·

96 2089 231 2165 pluribus
258 2091 306 2162 id,
335 2091 412 2166 quod
438 2110 502 2149 sum
524 2094 669 2163 dicturus,
697 2090 796 2150 verbis
823 2090 1065 2149 circumscribam

98 2185 132 2231 et
152 2176 235 2249 qussi
258 2185 387 2245 teneam,
408 2178 459 2234 sed
479 2186 513 2234 nt
534 2179 661 2256 ingenue
682 2175 830 2251 profitens.
862 2178 899 2235 cl.
921 2181 952 2235 in
973 2176 1063 2239 Vere.-

96 2260 124 2331 l,
139 2280 164 2317 c.
180 2262 228 2318 lii.
243 2266 272 2337 ς,
287 2264 339 2324 34.
352 2282 454 2319 cerum
467 2274 568 2322 tamen
581 2262 710 2320 ornabat
724 2282 788 2321 cum
802 2262 951 2336 beneficiis
962 2264 1058 2327 onnia

95 2345 162 2403 best.
205 2343 251 2405 Ns
271 2347 386 2405 diutius
408 2356 540 2418 teneare,
558 2350 688 2427 pecunia
706 2349 875 2419 attributo,
896 2359 1057 2414 numerate

94 2440 151 2491 set.
181 2431 246 2497 Quo
267 2434 333 2490 loco
355 2452 419 2489 enm
442 2434 508 2490 libri
530 2442 731 2499 omnesrecte
750 2444 870 2492 tuentur
889 2435 1061 2506 foruuslem,

90 2527 297 2593 praeterquam
329 2519 406 2595 quod
435 2518 592 2577 Lambinus
616 2522 797 2579 coniectum
830 2522 934 2599 procul
960 2519 1060 2587 ,dubio

89 2602 198 2661 ductos
219 2621 271 2660 oos
292 2604 420 2673 addidit,
660 2660 665 2669 ,
969 2662 974 2669 ,
1033 2648 1037 2655 .

184 2685 255 2745 Csr.
278 2688 353 2765 Vlll,
375 2686 401 2768 ξ.
420 2691 472 2754 21.
518 2689 590 2748 Cum
612 2693 673 2749 iam
693 2692 924 2768 proscriptionis
945 2692 1056 2749 mentio

90 2771 180 2831 nulia
193 2772 298 2845 fieret,
321 2784 351 2833 et
372 2794 437 2831 eure
459 2777 559 2848 stium,
583 2779 633 2855 qui
653 2787 747 2834 autea
765 2786 946 2848 metuerunt,
972 2776 1054 2833 redi·

90 2868 165 2915 rent
186 2870 217 2921 st
232 2876 262 2934 q.
277 2859 323 2937 s.]'
344 2858 430 2917 Hunc
457 2863 552 2918 locum
574 2860 723 2919 Charisius
750 2861 803 2924 lib.
827 2861 878 2926 lll.
901 2863 943 2939 (p.
965 2856 1054 2942 23⁶.)

90 2962 133 3001 ex
161 2946 302 3001 mensoris
329 2944 378 3022 (nt
407 2947 524 3019 opinor)
553 2948 596 3003 sic
626 2948 767 3022 protulit:
799 2946 871 3013 Gens
893 2948 954 3005 iam
980 2966 1055 3024 pno-

89 3029 268 3104 scriptiouis
289 3034 525 3089 commemoratio
537 3031 650 3103 ficret,
672 3051 737 3089 osus
760 3035 866 3105 etiam,
889 3034 940 3111 qui
959 3042 1053 3091 asten

87 3116 257 3191 proscripti
278 3124 384 3186 crunt,
406 3116 557 3187 sederent,
579 3136 682 3175 nomeu
703 3118 855 3191 refertur,
876 3136 981 3186 uomens
1002 3140 1054 3178 rc·

78 3200 197 3275 fertur
230 3202 263 3257 in
299 3200 421 3259 tubulos
450 3200 522 3259 See.
550 3201 653 3259 Roscii
657 3224 672 3275 ,·
705 3204 842 3260 usitstsur
875 3207 1051 3280 scripturum

88 3302 193 3343 omnes
220 3286 333 3361 nntiqni
361 3287 428 3343 lihri
450 3286 647 3360 comprobent.
676 3285 797 3357 Hotoss.
838 3288 917 3347 idem
937 3293 1054 3349 monuit

90 3379 195 3443 postes
223 3368 250 3428 J.
277 3368 392 3448 Lipsius
420 3371 468 3431 lll.
496 3371 563 3430 Ver.
584 3375 616 3436 o.
645 3382 676 3429 et
701 3372 905 3433 Hotomsnnus
927 3376 1050 3435 0hserr.

88 3450 146 3509 lx
174 3472 236 3529 csp.
261 3459 308 3517 ll.
337 3456 441 3532 prohnt
468 3476 526 3513 non
554 3459 648 3515 solum
673 3469 703 3515 et
729 3460 810 3518 iubet
836 3478 875 3518 ex
896 3459 1050 3538 Sosipstrn

85 3538 254 3613 interponi:
276 3538 389 3601 Nomen
411 3546 547 3618 refertur
568 3545 600 3601 in
622 3543 743 3603 tobeias
759 3544 831 3604 See.
847 3545 961 3619 Roscii,
982 3546 1051 3621 quis

83 3625 239 3699 eliquento
257 3638 323 3701 post
341 3640 441 3685 orntor
458 3635 499 3686 ite
516 3630 666 3703 loquetur:
690 3630 762 3688 Cum
783 3630 836 3690 illc
856 3633 1054 3705 confirmaret

83 3728 119 3769 ιο
143 3728 246 3768 nomen
269 3710 340 3768 See.
361 3712 465 3771 Roscii
491 3714 527 3771 de
549 3713 660 3772 tabuiis
682 3724 876 3775 cucurturunt.
920 3715 980 3773 Sed
1002 3725 1050 3770 te·

83 3812 155 3851 men
178 3806 328 3868 proeteree
349 3801 458 3873 sliquid
479 3799 579 3857 deesse
594 3812 695 3857 censet
712 3802 744 3859 in
758 3800 835 3857 hene
854 3803 1048 3857 sententiam:

82 3878 177 3939 Bono
204 3882 268 3939 eius
291 3883 537 3959 proscribuntur
562 3884 697 3945 hominis.
746 3884 903 3947 Diomedes
917 3902 1047 3964 ‚quoque
