2280 4328
262 310 585 373 innorurromts.
627 310 757 373 esee
777 317 807 392 s.
824 316 893 375 rit.
975 316 1062 391 559

89 490 162 546 talis
184 507 218 544 ea
239 484 350 563 syllaba
370 494 431 557 cst,
459 495 494 541 ut
516 486 609 558 perire
629 484 765 541 facillime
786 488 931 560 potuerit,
958 508 1060 565 quen.

91 573 248 630 admodum
277 572 308 626 in
334 582 434 626 nostra
461 569 583 644 denique
611 571 712 645 lingua
739 571 841 645 periit,
874 585 1058 649 posteaqua·

90 658 215 715 Latinae
237 659 293 712 iata
313 656 467 729 occuparit
488 656 590 711 locum.
633 654 707 711 Nam
729 674 781 729 pro
804 656 897 733 digito
919 676 973 715 noa
991 658 1058 718 ltali

91 743 217 799 dicimur
239 742 311 797 dito.
337 739 487 798 Garates.
521 742 615 806 Quam
637 741 820 814 protulerunt
841 742 910 800 olim
931 744 1059 818 acciptu-

89 846 142 884 rae
164 829 303 902 vulgatae
324 827 545 897 explicationem
567 824 749 883 Hotomanus
770 826 806 882 ad
829 824 858 883 lr.
880 828 898 883 Ι.
921 840 951 884 et
964 826 1059 887 lisla-

89 916 178 987 spina
199 912 235 968 ad
258 910 316 967 Cic.
339 908 410 984 Epp.
434 908 470 965 ad
491 914 551 966 Art.
575 907 595 980 l,
621 912 669 967 18.
690 912 719 986 fi.
736 911 780 979 5.,
803 929 866 968 cern
888 912 983 969 denuc
1004 914 1058 971 ed·

89 1001 180 1055 scivit
202 1014 294 1069 nuper
314 994 544 1065 Wernsdcrlius,
572 996 614 1051 ita
642 1007 676 1051 ut
696 997 785 1053 rerlm
805 1016 838 1053 na
859 1030 904 1041 -
925 998 1057 1057 tradidit

88 1083 210 1160 vulgari
233 1083 284 1136 illa
306 1082 387 1136 etin
410 1083 555 1136 communi
580 1083 643 1137 rita
664 1080 817 1138 admodum
838 1083 938 1139 ereliru
960 1095 1057 1140 tuerc-

88 1179 143 1224 tur
173 1168 300 1223 dictione
332 1182 365 1221 ot
392 1164 540 1242 praedm
572 1164 666 1221 alicui
693 1167 713 1221 i.
734 1186 758 1222 e.
786 1186 847 1222 sere
873 1170 1057 1227 contumeliis

89 1252 211 1324 offerre,
244 1251 450 1308 verberandum
473 1251 548 1307 dare.
584 1250 622 1307 el.
644 1250 706 1307 Lir.
729 1250 785 1324 ll',
814 1270 839 1307 c.
860 1252 911 1309 35.
943 1253 1056 1313 desim

86 1347 259 1416 postcomm
287 1335 435 1413 praebere
457 1335 499 1392 nd
518 1336 725 1393 contumatiam
754 1354 796 1394 oo.
839 1338 898 1395 Cic.
920 1340 950 1395 in
974 1338 1054 1397 l'crr.

88 1422 149 1493 ΙΙΙ,
173 1443 197 1479 c.
219 1425 265 1478 lli.
294 1420 321 1501 p.
341 1422 392 1477 dl.
419 1422 469 1498 qui
490 1431 580 1478 terter
601 1425 789 1497 interrogari
807 1425 912 1500 priore
934 1426 1054 1483 actim

88 1507 226 1566 noluerit
248 1516 278 1564 et
300 1508 339 1563 iit
361 1509 484 1563 tacitum
508 1525 540 1563 os
562 1516 643 1562 tuum
663 1508 809 1584 praedare
831 1508 994 1581 maluerim
1015 1510 1053 1569 sd

88 1596 180 1651 Attio.
205 1592 233 1663 Ι,
272 1594 318 1648 18.
349 1590 375 1673 ᾗ.
398 1592 427 1648 d.
472 1590 566 1647 Tacit.
596 1591 673 1647 lliat.
701 1590 756 1661 ΙΙΙ,
792 1612 816 1649 c.
838 1594 889 1648 31.
934 1592 1051 1652 Terent,

87 1678 210 1752 rldelplr.
235 1677 274 1744 ΙΙ,
298 1679 328 1734 2.
351 1699 377 1734 v.
393 1680 422 1732 tl.
466 1674 602 1749 Explicat
623 1677 714 1753 igitur
727 1676 939 1733 Wernadorlius
957 1680 1051 1737 locum

87 1766 148 1821 sic:
178 1760 240 1834 „Se
261 1764 353 1836 ipsum
376 1760 497 1818 tradidit
520 1773 586 1816 tuae
608 1761 720 1816 libidini
742 1773 771 1818 ct
792 1763 996 1834 contumeliae,
1018 1775 1052 1821 ut

86 1852 119 1907 in
143 1868 192 1918 se,
223 1848 298 1921 quod
320 1847 468 1903 collideret
490 1846 679 1914 crudelitatis,
702 1865 864 1916 exercerer,
888 1846 955 1903 dum
973 1849 1052 1904 vitae

87 1938 254 2010 pareercr.“
297 1935 377 1998 Quae
405 1931 519 2005 quidem
547 1933 688 1987 sententia
718 1950 773 2006 quo
802 1933 897 1987 minus
921 1950 1052 2005 compro-

84 2022 190 2089 lretur,
214 2019 362 2092 sequentia
383 2028 451 2073 sunt
473 2036 536 2071 eum
560 2018 659 2090 prinrir
673 2017 886 2091 impedimento.
920 2015 1051 2090 Namque

87 2116 191 2161 orator
223 2105 254 2158 in
283 2103 366 2158 rebus
398 2101 594 2171 recensendis,
627 2119 697 2175 quas
728 2100 916 2179 Chrysogono
946 2101 1049 2159 infelix

87 2189 158 2246 Sex.
183 2188 304 2244 Roscius
332 2188 521 2257 concesserit,
549 2205 638 2260 usquc
667 2206 701 2244 eo
729 2187 928 2265 progreditur,
957 2198 991 2243 ut
1013 2204 1049 2243 ex

86 2275 222 2332 oumilms
244 2287 302 2329 tnm
325 2273 426 2346 amplis
447 2273 531 2327 bonir
554 2271 682 2328 eurndenr
704 2272 781 2328 dieat
802 2291 863 2327 rese
886 2274 978 2347 ipsum
998 2290 1049 2327 cx-

86 2362 197 2434 cepisse
219 2358 341 2431 nudum3
364 2359 484 2431 pessime
505 2358 596 2434 igitur
617 2358 693 2413 inter
707 2359 794 2414 rerba
807 2360 835 2413 si
848 2360 988 2414 vestitum
1004 2388 1048 2401 -

85 2445 172 2503 dedit
195 2457 223 2499 et
246 2462 276 2499 sc
300 2445 396 2520 ipsum
419 2442 527 2498 necdum
549 2474 592 2485 -
614 2444 731 2521 excepit
753 2445 861 2499 inserta
883 2444 958 2499 foret
979 2462 1048 2498 con·

84 2531 224 2588 tumelinc
245 2528 420 2583 exercendae
444 2530 691 2604 commemoratio,
723 2548 758 2584 ea
779 2529 891 2584 demum
914 2530 1047 2583 ultimum

83 2624 228 2686 occupare
256 2615 349 2669 locum
381 2613 509 2673 debellat.
561 2613 695 2684 Accedit,
733 2615 809 2688 quod
839 2633 871 2670 or
900 2612 1048 2689 praedm

81 2701 239 2777 peculiaris
268 2699 326 2753 lere
354 2708 398 2753 est
424 2700 570 2772 loquuti03
600 2716 693 2770 neque
719 2717 842 2773 usquam
870 2717 902 2754 or
924 2698 1047 2754 tradere

84 2805 134 2843 me
156 2785 252 2861 legere
275 2785 454 2838 memini-
486 2782 604 2849 lisdem,
626 2784 671 2837 uti
692 2784 749 2839 inm
770 2783 870 2854 video,
893 2802 1047 2861 argumen-

85 2873 127 2928 tis
150 2869 187 2924 ad
209 2869 386 2925 refutandam
402 2867 561 2924 Hotomani
578 2868 797 2941 explicationem
820 2886 887 2924 usus
903 2882 947 2924 est
960 2870 1045 2925 etiam

84 2953 310 3022 Steinmetzius,
333 2972 416 3027 quern
438 2953 513 3010 vide.
535 2987 578 2996 —

175 3037 247 3094 cro.
269 3039 298 3094 lx.
332 3036 358 3118 ᾗ.
384 3039 452 3094 145.
504 3038 542 3095 od
578 3057 648 3095 enne
684 3036 800 3114 aliquid
831 3040 959 3119 nictans]
994 3040 1044 3097 Sic

82 3122 320 3199 optimeFrancii
343 3126 459 3197 prinms.
488 3125 606 3202 Vulgati
629 3123 666 3179 ad
689 3143 759 3180 eone
781 3127 896 3182 enotuit.
933 3128 1043 3185 Gracc.

81 3205 238 3281 Eud-ss.
268 3209 305 3264 ab
334 3228 405 3265 eone
431 3209 546 3287 aliquid
567 3211 681 3266 metuis.
731 3207 781 3265 Sic
803 3209 986 3289 Naugerinna
1015 3225 1044 3269 et

81 3313 201 3364 omnes,
233 3305 267 3350 ut
297 3293 370 3350 hanc
390 3295 541 3351 lectionem
564 3297 756 3373 provulgata
780 3296 934 3356 Graeviunr
957 3317 1043 3372 opor-

81 3390 145 3438 teat
174 3377 314 3435 habuisse.
364 3377 471 3435 Errore
497 3381 528 3438 τὸ
560 3380 676 3457 aliquid
704 3383 839 3438 omissum
867 3384 938 3455 fuit3
975 3401 1042 3437 nant

80 3469 106 3522 si
140 3465 289 3536 consulto,
333 3464 468 3540 ambigua
501 3469 602 3522 saltem
637 3485 670 3522 eu
704 3468 788 3524 lectio
823 3470 1042 3541 relinqueretur,

83 3551 239 3608 Garmton.

171 3632 197 3713 ᾗ.
232 3633 299 3691 145.
352 3633 440 3704 Quod
463 3642 590 3710 practer
618 3645 731 3693 celerer
763 3647 796 3693 tu
824 3643 954 3691 ricemere
984 3656 1041 3691 nnn

81 3717 299 3796 dedcne]·(3um
320 3730 432 3776 tantum
455 3719 530 3791 apud
555 3718 665 3775 Sullam
690 3725 784 3799 gratia
807 3722 920 3787 taleas,
950 3739 1041 3792 ‹pirm-

80 3825 146 3864 tum
168 3809 199 3860 in
222 3805 342 3860 civitate
369 3825 452 3861 nemo
480 3806 561 3864 nlius,
610 3804 721 3863 Graec.
771 3806 821 3860 Sic
843 3824 955 3877 (proque
979 3804 1040 3863 llu-

81 3894 201 3961 nutius3
241 3889 310 3962 red,
344 3908 466 3967 quaeso,
500 3891 648 3949 rideamus
683 3911 733 3962 ea,
769 3908 842 3962 quae
874 3905 1040 3966 serpnmtur.

748 3974 829 4048 m·
