2304 4320
118 314 202 393 stu
264 308 587 375 Assorinorum.
630 308 719 370 cst.
737 309 830 369 xm.
856 309 973 394 prou.

214 485 285 543 Ces.
307 483 386 543 xit.
414 481 440 563 ᾗ.
467 485 535 539 tto.
583 479 684 560 Nepote
717 483 829 557 esss‘ns,
872 503 962 562 qusss
988 484 1018 541 dc
1039 483 1068 542 is
1143 509 1145 533 ι

119 573 294 654 quaeritur,
316 588 368 627 uos
389 569 521 625 dominos
543 586 606 626 csse
628 567 752 646 dicitis]
776 568 874 626 Jucet
900 590 959 627 vox
982 572 1070 628 erist
1143 592 1145 617 ι

120 680 184 717 uteo
207 656 330 727 iudicio,
360 666 392 711 ut
413 656 508 710 otioso
529 665 558 710 et
579 672 827 726 supereuctsnes,
865 655 1022 712 inducendo
1036 671 1070 728 ut;

120 755 154 801 ut
176 745 227 800 iiis
249 743 280 797 in
302 740 424 797 vetustis
445 738 591 795 codicibus
616 756 669 795 uos
695 741 783 796 euius
810 739 959 798 dossinus
979 741 1071 799 osredi

120 830 202 887 citis.
245 824 366 883 Hotoue
408 821 537 880 Renstus
557 821 756 880 Boemorueus
785 826 872 904 legit
903 846 995 903 nepus
1018 846 1072 904 psus

121 915 158 973 de
179 911 233 970 boc
255 911 428 988 quaeritur,
452 925 503 964 vos
525 907 759 965 condominam
777 929 857 968 esse
873 912 988 968 dicitis.
1016 911 1073 968 trs

122 1000 182 1058 ds'ss.
214 996 304 1054 Vetus
324 996 397 1052 liber
418 993 566 1050 dontimm
588 1012 638 1067 pro
661 993 819 1053 dossinus.
854 995 892 1058 F.
914 997 1015 1055 Ursis.
1039 995 1074 1052 bs-

122 1087 181 1142 lets
208 1100 280 1140 voce
310 1081 388 1138 enim
413 1080 477 1156 lege
504 1097 569 1135 eum
591 1078 731 1136 Lumbino
761 1099 827 1139 eos
861 1103 934 1140 euno
964 1084 1072 1139 douisss

122 1186 187 1228 esse
208 1167 318 1224 dicitis.
361 1163 401 1221 Et
421 1165 464 1220 sic
484 1162 570 1221 hebet
592 1161 690 1220 Ursini
722 1179 818 1223 retus
845 1167 945 1239 iiber,
974 1172 1017 1225 cui
1035 1187 1072 1242 pn

120 1256 199 1312 xime
226 1250 365 1309 secedunt
392 1251 484 1305 nostri
514 1249 641 1317 codices,
671 1249 703 1304 in
734 1252 857 1325 quibus
887 1255 1025 1311 scribitur
1045 1271 1072 1310 ts

121 1356 187 1397 esus
208 1338 340 1394 dominos
367 1352 430 1390 esse
457 1333 568 1390 dicitis.
611 1331 737 1391 hatten.
786 1338 887 1405 Quod
919 1351 966 1397 cst
986 1342 1014 1396 io
1030 1350 1072 1397 sot

121 1424 184 1481 cdd.
206 1422 288 1479 etin
310 1419 419 1475 Veneto
444 1419 506 1492 ipse
532 1420 608 1497 legi,
640 1437 693 1476 eos
722 1421 812 1478 euius
847 1423 1007 1495 dominos,
1031 1423 1072 1480 bes

120 1509 274 1565 lectionem
300 1505 414 1576 firmat3
441 1515 575 1578 oppsret,
605 1504 635 1560 id
661 1523 698 1560 ex
727 1523 786 1564 cos
813 1527 889 1566 ersus
920 1529 985 1566 esse
1004 1522 1072 1568 ortus

121 1593 270 1651 Assentior
286 1588 466 1647 bellemuudo
487 1589 553 1645 sliis
574 1591 661 1646 etioru
681 1589 718 1645 de
740 1596 868 1650 caussis
891 1602 968 1652 sone
989 1597 1073 1670 potiori

121 1679 184 1737 bus.
227 1674 354 1733 Primum
383 1675 459 1730 cuins
486 1691 574 1748 quum
601 1672 698 1731 Roscii
727 1677 876 1751 ciebunt,
911 1682 947 1739 s'n
978 1681 1072 1738 dusios

122 1763 223 1841 quaeri
251 1780 310 1818 non
338 1759 456 1826 debere,
487 1777 518 1815 sc
545 1760 623 1833 ipsos
649 1769 680 1815 et
701 1757 949 1841 Chrysogonum
979 1767 1073 1823 doubs

120 1849 258 1909 vitientur
279 1864 341 1902 esse
361 1842 490 1918 professi.
533 1842 633 1918 Neque
659 1846 735 1902 enim
756 1846 989 1929 Chrysogonus
1007 1868 1072 1908 seno

122 1951 220 1992 omues
248 1931 384 2001 babebst,
414 1947 501 2003 quum
523 1928 624 1986 Cicero
654 1928 738 2008 upsd
767 1950 828 1990 eos
860 1937 955 2013 iosos
983 1938 1073 1994 esseio

120 2018 230 2077 bonore
259 2017 352 2086 tiicut,
389 2033 482 2088 neque
511 2012 610 2071 Roscii
639 2017 736 2073 omnis
758 2018 808 2074 iiii
842 2020 998 2082 dederint.
1037 2019 1072 2077 Sd

121 2123 193 2164 voce
215 2099 349 2162 dontinus
371 2099 555 2178 designetur,
577 2102 602 2155 si
625 2101 667 2156 ite
687 2103 803 2174 placet,
829 2108 922 2163 sudus
940 2107 1073 2186 Chrysop-

121 2208 192 2260 nus,
230 2189 369 2244 bonorum
400 2198 528 2259 emptor,
563 2187 644 2242 cuius
671 2189 791 2243 nomine
826 2192 893 2248 iarn
927 2192 979 2252 diu
1006 2193 1074 2250 Roscii

122 2273 321 2333 sbutebuntur.
359 2270 430 2327 Cum
453 2271 489 2328 de
511 2268 564 2325 boc
585 2273 751 2348 quaeritur,
775 2274 844 2348 ipse
871 2277 1021 2349 dominus,
1039 2295 1074 2334 not

123 2358 222 2418 Roscii
252 2359 392 2414 dicuntur.
436 2355 512 2423 Quid
534 2354 588 2412 hoc
610 2357 726 2413 adrem
748 2360 917 2431 percincti
950 2362 1074 2424 Sembit-

122 2447 202 2517 scs‘tss
224 2462 293 2500 reus
321 2451 366 2498 est
394 2443 553 2519 signifieat:
586 2444 733 2515 quaeritur
758 2444 794 2499 iu
818 2443 970 2507 Sextum.
1011 2452 1075 2517 pon

121 2550 192 2610 ergo
213 2531 309 2602 inepte
331 2528 381 2582 itta
402 2537 573 2600 sequentur:
595 2546 686 2604 nepus
707 2529 788 2585 cuins
805 2549 865 2589 vos
887 2533 1076 2592 dominusne

123 2616 234 2673 dicitis.
285 2613 374 2680 tiniosi
404 2622 558 2686 qunerutur
588 2615 619 2668 in
648 2611 740 2673 Titos.
802 2618 901 2683 Quod
934 2623 962 2677 si
990 2624 1018 2676 in
1044 2619 1076 2675 bs

122 2703 221 2775 quaeri
244 2697 358 2756 'l’uiiius
384 2697 500 2754 volebat
527 2696 638 2769 dicere,
668 2716 719 2754 cur
747 2695 886 2760 Sextum
919 2698 1076 2763 nominositi

122 2785 180 2845 Sed
203 2789 234 2842 in
256 2799 354 2841 nostre
381 2784 504 2839 lectione
534 2785 618 2856 plenu
645 2794 711 2840 suut
740 2788 855 2845 omniu.
907 2790 946 2848 ln
975 2792 1077 2848 tomos

120 2890 180 2930 non
202 2871 323 2947 quaeri,
345 2870 387 2926 nit
410 2865 528 2937 Cicero,
557 2870 625 2942 quio
645 2869 676 2924 in
696 2886 780 2926 reum
803 2878 954 2945 quaestio
977 2874 1077 2933 institui·

121 2968 187 3030 tur,
210 2974 268 3013 nou
289 2956 320 3010 in
341 2964 539 3022 accusatores3
567 2970 637 3032 ergo
658 2955 689 3010 in
710 2951 841 3014 Sextum
867 2965 998 3035 quaeri,
1018 2977 1076 3035 qucu

123 3041 269 3098 dominum
293 3038 391 3095 Roscii
420 3058 477 3095 non
506 3037 641 3100 dicerent.
690 3037 794 3114 Neque
826 3061 934 3118 sune,
958 3048 985 3104 si
1011 3043 1076 3102 doui-

121 3144 208 3197 num,
230 3136 262 3181 ut
285 3142 373 3198 usque
395 3123 431 3180 od
455 3126 691 3198 proscriptionem
713 3122 836 3195 tuerat,
867 3134 987 3190 velient
1006 3128 1074 3193 freed,

120 3213 250 3284 iniquam
274 3211 303 3264 in
326 3228 389 3265 eum
412 3208 485 3266 hunc
506 3227 565 3264 rem
589 3210 684 3265 dicere
706 3219 868 3287 poterunt,
896 3236 968 3274 euru
988 3213 1075 3275 uiuo's

121 3298 288 3372 postularet.
326 3293 510 3369 iniquitatem
534 3295 625 3370 igitur
646 3296 677 3350 in
699 3310 876 3368 praesentes
902 3302 1032 3359 dontinus
1047 3301 1074 3354 it·

121 3381 303 3460 telligebuut3
325 3397 417 3452 neque
439 3382 513 3435 enim
537 3380 689 3436 obscurum
710 3396 783 3448 esse,
808 3385 862 3457 qui
891 3399 1015 3460 peteret,
1033 3400 1074 3440 eus

120 3487 178 3526 non
201 3465 339 3522 adversus
361 3482 390 3518 so
413 3475 525 3537 petere,
555 3464 605 3520 sed
633 3465 670 3522 sd
697 3462 880 3525 refutandos
912 3471 1074 3531 adversarios.

122 3553 207 3619 Quot
240 3546 353 3623 quidem
387 3560 464 3604 recte
494 3550 682 3622 suspiciosum
710 3567 772 3603 esec
805 3549 938 3614 Tullius
969 3557 1074 3616 affirmet:

121 3638 179 3697 nisi
201 3639 275 3693 enim
299 3633 355 3688 sibi
377 3632 542 3706 timuerint,
572 3635 701 3708 profecto
730 3632 902 3698 dedissent.
959 3644 1075 3702 Gorstss

120 3717 192 3779 Sco.
215 3723 292 3779 enim
309 3718 434 3776 Roscius
455 3737 524 3774 reus
547 3729 611 3793 est,·
632 3738 724 3797 neque
746 3722 849 3794 enisu,
877 3747 977 3804 quum
996 3729 1028 3786 ds
1043 3723 1076 3782 itt

121 3809 295 3884 quaeritur,
326 3822 378 3861 vos
406 3805 483 3861 enim
506 3803 639 3863 duruinus
667 3823 731 3862 esse
754 3804 882 3868 dicitis.
934 3813 988 3873 Sic
1011 3817 1076 3870 loeus

122 3890 259 3948 exhibent
289 3889 371 3949 codd.
399 3891 516 3966 plurimi
544 3891 623 3967 iique
652 3891 772 3967 optimi3
819 3896 880 3954 sed
918 3901 1077 3979 dspnrttu!
