2304 4320
84 280 169 361 {82
239 281 564 345 tuuotsttottffl.
605 283 690 345 ctu.
709 284 799 347 Vlli.
825 284 861 362 β.
875 290 929 369 23,

89 468 174 534 posse
194 467 361 532 propterea,
389 455 465 531 quoti
492 455 563 514 ltuee
584 456 765 516 caerimonis
793 460 831 515 in
858 460 948 537 glebo
966 472 1038 519 tutu

90 543 245 617 conspicue
273 540 361 598 luerit
382 542 553 601 obiicientls.
597 541 711 600 Deinde
736 555 773 600 ut
800 546 860 602 vie
885 548 975 620 possit
991 550 1038 603 inre

90 628 213 705 ttlgsti,
248 644 305 701 que
334 637 433 684 nostro
462 629 526 686 loeo
554 629 654 685 omnio
683 628 715 684 iu
748 629 923 687 verborum
951 632 1038 688 ordines

90 713 248 788 irrepserit.
285 711 321 767 cl.
343 715 372 787 ἦ.
394 713 444 773 ut.
473 714 523 770 esi
550 713 587 775 de
616 721 702 770 teuto
728 715 939 791 patrimonio
963 718 1038 795 penult

89 799 149 855 iste
178 797 319 871 neferites
350 816 386 854 ne
414 799 474 856 iter
501 799 617 876 perdent
651 797 692 853 oti
723 799 916 876 sepulcrum
942 806 1038 880 poesin

90 880 272 960 eeiipuiseet.
324 880 471 940 Liltrurius
503 901 590 958 quum
626 884 834 959 intelligeret,
875 889 987 958 locum,
1014 890 1038 943 tli

91 980 235 1024 ereututus
252 966 320 1024 sex.
334 965 468 1039 lloseiut,
490 970 612 1043 sepulcri
633 969 841 1042 appellatione
865 990 931 1028 non
951 976 1038 1047 potu'n

91 1054 244 1131 insigniri,
286 1064 436 1126 propterea
469 1053 545 1128 quotl
575 1055 651 1110 inste
684 1053 826 1111 nondum
860 1055 944 1114 fucta
972 1073 1037 1125 eone

92 1137 166 1194 lianc
187 1139 284 1213 ulique
304 1151 382 1192 certe
408 1156 446 1195 ex
475 1152 557 1213 perte
578 1136 689 1195 studuit
711 1155 878 1203 removere
913 1161 1037 1220 repugno

92 1225 164 1281 tium
186 1223 269 1280 illetu
295 1225 399 1281 seculo
428 1225 545 1294 omnio3
577 1224 689 1296 sibique
717 1227 897 1296 percussit,
933 1242 1036 1284 oruteru

93 1308 217 1382 sepulcri
239 1309 352 1363 nomine
374 1322 525 1382 propterea
545 1325 605 1364 esse
628 1326 727 1376 usutu,
757 1309 848 1380 quod
872 1312 976 1387 ulique
993 1324 1036 1367 cut

92 1393 172 1449 lueto
194 1404 288 1448 essent
310 1394 394 1450 iuste.
439 1391 571 1466 lntperite
593 1393 669 1447 enini
691 1393 811 1463 cornio,
837 1412 921 1468 quae
943 1398 1000 1453 lieri
1014 1417 1035 1451 u

94 1479 190 1534 lebant
213 1478 243 1534 ln
266 1477 365 1534 funere
386 1476 546 1548 efferendo,
574 1494 625 1550 pro
653 1478 737 1534 iustis
760 1483 898 1552 occepit.
946 1482 1034 1549 Quoli

93 1572 236 1619 oratorem
265 1564 430 1619 iuveniliter
458 1562 686 1621 effervescentem
708 1562 809 1618 minus
834 1567 964 1623 nnxium
984 1567 1034 1622 luirt

94 1649 125 1704 in
153 1647 334 1723 exsequendo
363 1649 425 1705 iure
453 1649 610 1723 pontiliuuli
637 1648 810 1716 statuisset,
846 1650 881 1706 id
915 1652 991 1727 quoti
1010 1668 1033 1707 tt

93 1730 149 1791 hoe
175 1733 239 1791 loco
266 1731 453 1805 sllirntsutus,
486 1732 612 1807 prolecto
641 1732 741 1787 niellus
768 1731 912 1793 fecisset.
959 1736 1034 1794 Etetit

93 1816 164 1876 ituee
185 1819 309 1892 sepulcri
331 1820 483 1891 appellatio
505 1817 619 1873 facilius
641 1816 747 1891 poterit
768 1820 967 1895 eontlonari,
986 1839 1034 1896 qtu

93 1903 220 1962 insoleus
243 1905 293 1960 illn
315 1903 454 1960 iustorum
475 1903 648 1980 ignorantia.
669 1934 711 1946 —
746 1898 866 1960 Sextus
892 1921 990 1965 eutem
1004 1906 1033 1964 lt·

93 1990 170 2046 scius
201 2007 287 2063 quum
317 2005 436 2065 peregre
458 1990 569 2045 occisus
590 1998 681 2054 esset,
708 2004 740 2042 us
769 1993 882 2059 procul
916 1993 1033 2050 dulion

93 2085 204 2130 sectum
226 2084 312 2148 utque
334 2075 475 2147 reliquum
497 2090 600 2146 corpus
621 2071 803 2128 cortulustunt
836 2088 904 2147 est,
938 2078 969 2134 iu
993 2072 1035 2153 pul

94 2159 181 2216 etium
204 2159 341 2231 temporis
362 2159 575 2233 eotrtpututione
596 2157 790 2213 confirmatur.
815 2158 856 2217 el.
882 2163 916 2235 ξ,
931 2167 983 2228 20,
1007 2161 1034 2218 lu

94 2254 168 2314 stut,
190 2255 223 2299 ut
245 2243 280 2298 tle
302 2240 449 2300 Ciceronis
471 2242 582 2314 verbis,
605 2261 677 2317 quae
700 2240 734 2296 de
756 2240 851 2321 Legg.
880 2249 902 2306 l.
927 2251 949 2306 l.
977 2251 1002 2323 ξ.
1012 2244 1035 2303 ii

93 2328 247 2406 leguntur,
276 2346 366 2402 puues
394 2327 530 2386 dicantus.
580 2325 619 2387 tl.
643 2324 709 2383 Ter.
731 2324 829 2385 Varro
861 2349 962 2406 quum
988 2332 1037 2390 leui

92 2415 161 2469 lium
197 2416 342 2469 utensiste
374 2413 516 2474 funestum
540 2413 712 2486 scripserit,
755 2422 984 2484 consectarium
1011 2428 1038 2481 ul

94 2498 222 2555 emulem
252 2499 338 2555 etiunt
367 2517 457 2573 usque
484 2498 519 2554 sd
549 2497 622 2559 client
639 2507 803 2567 octavum,
846 2519 913 2574 quo
946 2501 1038 2561 intituli

24 2644 27 2650 ,
92 2584 170 2641 iusto
193 2595 291 2652 erunt,
314 2583 367 2638 iroo
388 2594 466 2641 stotu
489 2583 584 2640 luisse.
613 2581 649 2637 cl.
663 2579 745 2638 Serv.
767 2581 804 2637 au
823 2584 916 2666 virg.
934 2583 1038 2647 unilt

93 2688 122 2726 v.
135 2672 207 2734 486.
251 2667 295 2725 De
317 2668 446 2731 lunestue
468 2682 562 2725 autern
584 2666 709 2723 fautiliee
731 2668 786 2723 fine
813 2668 933 2731 Cicero
958 2672 1038 2732 tlt:

93 2753 236 2826 tliepututt
259 2750 361 2830 Nepete
384 2772 501 2811 neeesse
524 2763 568 2810 est
590 2753 716 2809 edisseri
729 2771 748 2805 a
762 2751 872 2826 ostiis,
900 2779 983 2836 quae
994 2757 1038 2832 fisi

83 2840 234 2911 funestae
254 2839 421 2912 sustulisse,
450 2839 527 2917 quod
551 2857 645 2914 genus
672 2836 824 2908 sacrificii
849 2839 941 2902 Lare
972 2842 1038 2902 verit

92 2925 175 2982 cibus
189 2924 535 3002 fiae115quentodmudum
558 2941 590 2981 ot
612 2932 756 2983 resectum
778 2931 874 2983 terra
896 2929 1038 3007 obtegetur

92 3030 226 3087 quaeque
254 3013 286 3069 in
310 3029 406 3088 porea
435 3019 594 3067 contracto
625 3011 695 3070 iuro
724 3010 805 3079 sint,·
844 3031 910 3088 quo
942 3027 1038 3094 lempst

93 3098 224 3173 incipiet
245 3096 412 3174 sepulcrum
446 3114 510 3153 esee
539 3105 569 3153 el
597 3093 741 3169 religione
765 3103 931 3164 teneretur,
980 3099 1038 3158 Fani

92 3181 160 3236 linm
190 3181 280 3256 igitur
309 3199 395 3255 quent
424 3193 533 3237 certum
560 3182 599 3237 sit
628 3181 712 3240 iustis
740 3178 830 3235 luctis
859 3204 925 3242 non
951 3187 1038 3258 surplis

92 3262 181 3320 fuisse
213 3263 372 3334 funestam,
415 3264 484 3322 hece
519 3267 632 3335 omniu,
673 3283 746 3338 quue
779 3261 909 3326 Tullius
945 3280 1038 3329 enarret

91 3348 215 3409 fortasse
236 3348 389 3408 contendet
413 3352 518 3424 uliquis
541 3352 569 3407 in
592 3352 732 3411 iustorum
756 3367 884 3410 numero
912 3377 979 3417 esse
997 3353 1038 3412 reis

91 3433 191 3492 rende
234 3434 310 3502 Quiri
333 3432 421 3512 ergo‘l
451 3434 529 3492 hisce
552 3433 642 3495 Tullii
665 3435 759 3490 veritis
781 3440 960 3513 scripturn,
986 3455 1038 3516 qun

62 3532 193 3597 ‚ttostro
221 3521 287 3576 loco
309 3521 547 3594 exstirpsuintus,
577 3539 672 3577 noune
701 3521 819 3596 egregie
852 3527 1038 3585 conlirntntut'

90 3603 220 3665 Miuitue.
265 3602 379 3660 Etenim
401 3607 517 3676 omniu,
540 3623 612 3680 qune
634 3617 763 3661 recenset
786 3622 919 3681 uinctos,
952 3614 987 3672 ed
1005 3627 1038 3667 en

90 3703 222 3767 spectent
249 3689 386 3746 inutilium
418 3691 612 3768 pergendum,
650 3709 722 3765 quiue
753 3693 894 3768 neglecta
931 3703 1038 3757 luiterus

90 3777 265 3838 caerimonis
286 3785 316 3830 et
338 3774 416 3830 fncto
437 3774 552 3833 lunesto
579 3786 622 3832 est
651 3787 680 3830 et
702 3778 821 3833 murtsit.
863 3781 903 3840 cf.
931 3784 990 3842 Cle.
1008 3779 1038 3837 ll

89 3862 200 3937 §tiit
232 3859 343 3939 Ilupse
366 3861 397 3917 itt
420 3879 470 3930 eo,
500 3861 552 3938 qui
573 3863 604 3920 iit
627 3862 699 3918 noui
721 3869 873 3938 necatus,
909 3864 1038 3933 despici
