2280 4328
119 312 125 321 '
185 303 507 369 annotationes
549 303 707 364 car.1x.
738 307 767 383 fl.
789 307 852 363 2d.'
918 301 996 376 187

32 477 186 555 epitheton
206 478 396 533 certissimum
418 487 480 547 est,
510 493 596 550 qaum
619 486 648 532 et
670 476 778 553 emptio
801 486 830 532 et
849 478 998 553 possessio

34 564 156 623 omuino
185 564 243 619 taie
272 561 417 636 quidpiam
445 561 625 639 significent,
656 560 731 635 quod
754 562 782 615 in
805 563 907 617 maiam
933 581 1015 636 par-·

34 665 95 707 tem
115 664 208 722 perse
223 648 313 720 accipi
329 656 467 721 ricqueat3
489 657 588 702 contra
602 647 714 720 furta,
737 647 880 722 rapinas,
904 646 998 702 dana-

37 738 139 792 tiones
159 733 320 788 accuratius
342 731 465 787 describi
487 749 600 787 necesse
622 749 678 786 non
701 740 771 788 erat.
806 730 889 796 Quod
910 749 998 806 quum

37 822 82 877 ito
113 838 145 872 sc
173 816 294 887 habeat,
325 816 396 872 fides
424 815 552 872 habenda
580 817 652 872 libro
681 813 793 871 Menum.
822 817 851 870 in
881 834 915 871 eo
944 827 997 888 est,

38 904 118 979 qnod
142 902 198 958 duo
227 903 309 957 nobis
330 904 459 958 servavit
480 899 621 974 epitheta3
651 899 882 974 reprehendenda
903 912 999 958 autern

38 991 217 1062 retiquorum
247 987 428 1043 librariorum
462 986 593 1054 inscitia,
631 989 735 1060 quippe
763 986 828 1060 qui,
865 984 941 1059 quod
968 986 1000 1043 in

40 1074 141 1128 codice
164 1072 291 1146 principe
313 1082 460 1127 exaratum
483 1070 633 1140 viderunt,
656 1072 752 1144 inepta
775 1070 895 1144 quadam
918 1088 1001 1144 repe·

40 1160 149 1214 titiane
177 1166 272 1215 ortum
301 1157 346 1212 sei
375 1156 568 1233 geminatione
595 1155 795 1212 existimarint.
816 1169 820 1175 ’
839 1154 915 1222 Quid
944 1156 1001 1232 igi-

43 1239 115 1299 tnr'i
146 1240 223 1296 hunc
244 1242 338 1296 lacum
360 1252 474 1314 recepta
497 1239 560 1296 cod.
580 1237 693 1296 Memor.
716 1241 857 1313 scriptura
879 1258 948 1296 nurn
971 1242 1003 1298 in
1101 1286 1104 1295 1

42 1330 191 1403 integrum
220 1343 281 1381 esse
309 1326 472 1382 restitutum
504 1323 693 1381 confitebere?
727 1323 803 1384 Num
825 1323 1003 1395 Ciceronem,

43 1431 130 1486 quesn
152 1412 183 1466 iu
204 1408 257 1466 isac
278 1411 407 1466 oratione
429 1410 522 1467 serbis
544 1410 712 1466 sonantibus
733 1409 878 1465 abundare
896 1411 1004 1466 inteili-

44 1499 159 1576 ginsus,
188 1495 425 1569 eloquentiorne
448 1493 585 1550 hocloco
607 1507 664 1551 tam
688 1494 855 1551 destitutum
878 1495 1003 1551 arbitra-

44 1583 157 1652 bimur,
179 1591 212 1636 ut
234 1579 359 1636 eamdem
382 1581 510 1635 vocatam
534 1590 590 1635 tam
613 1581 706 1635 ieiune
728 1576 888 1653 repetercti
917 1579 1002 1645 Quod

45 1669 129 1724 nulio
158 1676 242 1739 pacto
268 1665 404 1737 imputari
427 1676 520 1737 protest
542 1666 666 1734 oratori,
695 1666 760 1738 qui,
787 1665 928 1720 siminus
952 1663 1005 1721 isac

48 1753 182 1812 pretione
203 1747 394 1817 effer‘buissct,
422 1751 512 1804 muita
541 1748 667 1822 profecto
696 1759 724 1805 et
747 1749 861 1804 brevius
884 1748 1005 1806 dixisset

47 1848 80 1892 et
100 1836 241 1892 omotius.
284 1831 406 1912 Singula
428 1847 521 1891 autam
545 1833 710 1911 diligentius
732 1833 924 1889 consideranti
943 1835 1006 1889 sine

49 1921 138 1977 dubio
166 1918 311 1975 fatendum
339 1931 400 1990 est,
426 1917 609 1988 Ciceronem,
644 1936 747 1992 quum,
785 1936 857 1992 quae
879 1917 1008 1976 Amerini

49 2008 148 2062 aninso
169 2016 199 2060 et
220 2005 397 2082 cogitatione
412 2001 692 2076 comprehenderint,
714 2021 855 2077 exponere
871 2004 1007 2075 voluerit,

48 2089 255 2167 indignissima
277 2105 405 2163 quaeque
420 2085 455 2143 T.
470 2086 649 2143 Rosciorum
662 2091 717 2144 iam
740 2098 868 2162 repetere
889 2086 1008 2165 flagitis.

50 2172 220 2247 Respondet
246 2175 337 2251 igitur
365 2174 472 2250 emptio
493 2174 655 2249 flagitiosa
677 2175 731 2244 iis,
760 2190 832 2246 quac
855 2174 884 2248 ξ.
906 2174 957 2241 ²¹.-
978 2185 1009 2230 et

52 2261 147 2335 §.aa
171 2259 320 2336 leguntur3
343 2257 444 2313 deinde
458 2259 564 2330 furta,
584 2259 723 2331 rapinae,
747 2258 921 2314 donationes
943 2278 1011 2333 spe·

52 2355 135 2401 etsist
149 2343 184 2398 ad
200 2342 411 2400 antecedentia:
434 2341 533 2398 Multa
552 2344 655 2419 palam
679 2344 793 2400 domasa
814 2363 899 2400 suam
923 2346 1012 2418 ausea

51 2429 161 2500 retan-
195 2426 287 2503 piura
315 2427 392 2489 ciuus
421 2428 456 2484 ds
485 2429 578 2485 acedia
605 2429 794 2503 removebat3-
828 2449 885 2486 nan
909 2449 1012 2508 pauca
1062 2416 1077 2439 '

54 2516 120 2573 suis
148 2512 316 2581 editoribus
344 2511 430 2590 large
457 2514 606 2592 effuseque
634 2514 774 2572 donabat.
816 2515 900 2581 Quod
923 2534 1011 2590 quum

53 2603 97 2657 ita
120 2600 176 2668 sit,
205 2600 353 2676 possessio
375 2601 489 2654 nonnisi
519 2600 554 2656 ad
580 2600 668 2657 verba
688 2601 787 2656 referri
810 2598 880 2656 haec
902 2611 1011 2673 potest:

55 2687 122 2747 triu
139 2683 273 2762 praedia
294 2684 343 2749 pei
364 2683 546 2741 nobilissima
572 2685 713 2763 Capitoni
733 2686 864 2764 propriu
887 2684 1013 2741 tradun-

56 2780 127 2840 tur,
149 2787 226 2847 quae
248 2767 332 2828 dadis
350 2769 492 2846 possidet.
515 2770 550 2825 cf.
568 2772 596 2846 ᾗ.
609 2774 660 2840 21.
703 2773 741 2827 At
764 2788 835 2844 quae
853 2766 1013 2843 possessioi

56 2856 158 2913 nonne'
184 2872 233 2927 per
261 2872 400 2910 summum
430 2853 550 2910 dedecus
578 2857 718 2930 acquisita
739 2865 825 2927 atque
847 2850 1014 2928 pertidiam‘i

57 2940 95 2996 cf.
120 2937 146 3019 ξ,
175 2941 241 2995 117.
288 2938 328 2996 dt
348 2957 418 2996 vera
444 2935 475 2993 T.
499 2937 623 2996 Roscius
650 2959 707 3002 aon
736 2958 824 2995 unum
853 2939 900 2994 rei
923 2957 1017 3016 pecu-

57 3026 183 3083 niariae
207 3026 316 3081 socium
330 3023 475 3098 fefellit‚·
498 3026 574 3102 quad
589 3027 709 3082 tametsi
725 3042 821 3100 grave
839 3032 893 3095 cst,
917 3028 1017 3082 tamen

58 3109 163 3188 aliqua
186 3110 267 3171 mado
292 3128 379 3186 posse
399 3111 488 3184 ferri
508 3111 645 3174 uidetur:
677 3128 778 3166 veruta
801 3128 903 3166 nauem
925 3108 1019 3166 iami-

59 3215 114 3253 aes
137 3194 374 3267 honestissimas,
398 3194 527 3252 eiusdem
549 3196 696 3265 muneris,
719 3196 895 3271 legationis,
918 3192 1020 3270 officii,

58 3280 328 3357 mandatorumque
351 3283 446 3337 socias
468 3280 606 3351 induxit,
628 3281 759 3360 decepit,
789 3280 941 3351 destituit,
965 3282 1020 3338 ad-

59 3368 211 3424 versariis
243 3365 389 3435 tradidit,
421 3368 499 3421 amai
518 3366 637 3439 fraude
668 3376 697 3422 et
720 3366 855 3446 perfidia
877 3367 1021 3441 fefellit3

59 3453 113 3530 qui
135 3451 172 3507 de
193 3454 257 3521 cius
283 3449 394 3516 sceiere
422 3452 584 3527 suspicari«
602 3448 690 3508 nidii'
702 3444 882 3530 patuerunt,
912 3453 1021 3508 socians

59 3534 156 3612 officii
181 3547 311 3607 nsctuere
342 3555 399 3599 non
429 3536 609 3603 debuerunt,
643 3539 706 3604 eius
738 3537 932 3604 maiitiam
964 3556 1021 3593 naa

60 3623 221 3690 viderunt,
255 3623 388 3679 arationi
417 3640 516 3679 canae
544 3622 744 3692 crediderunt.
793 3621 876 3689 tiuod
904 3624 930 3676 si
957 3640 1021 3678 cum

61 3707 108 3764 his
131 3709 302 3775 contuleris,
326 3725 398 3782 quae
420 3705 446 3788 ᾗ.
463 3710 513 3764 26.
537 3721 566 3765 et
588 3707 616 3790 §.¹
637 3711 738 3777 109-
757 3710 824 3776 iii.
846 3717 913 3762 sunt
935 3724 1023 3781 expo-

61 3795 135 3860 sita,
170 3802 269 3853 nostro
300 3794 364 3850 ioco
392 3792 659 3853 maiitiasissimam
689 3792 725 3850 T.
748 3793 849 3852 Roscii
875 3789 1024 3865 Capitonis

62 3880 270 3951 possessionem
293 3876 451 3956 significari
475 3880 602 3953 proiecto
624 3899 682 3936 non
698 3875 845 3958 sregabis?
859 3878 1025 3952 praesertim
