2280 4328
196 312 518 377 annotationes
560 310 642 373 CAP.
659 310 763 371 xuvt.
783 316 814 391 ἦ.
831 316 900 375 lat.
949 312 1035 392 555

153 488 186 572 ·.§
212 490 282 547 134.
326 496 356 546 et
377 485 593 564 dener-aerium]
623 482 779 543 bombiana
807 484 901 543 edidit
928 488 1034 549 dever-

64 578 195 633 aurium.
238 574 380 645 Erudite;
409 576 502 648 ipaunr
530 572 599 629 vide
627 572 663 628 ad
692 570 743 629 nb.
764 570 786 628 l.
807 572 840 627 in
862 572 944 630 i'err.
966 582 1034 635 ed

64 674 100 718 et
122 661 177 719 25.
221 658 264 716 ibi
285 658 430 715 Graevius
452 657 540 714 etad
561 656 635 713 Phil.
658 655 692 723 ΙΙ,
714 676 741 719 e.
758 658 808 713 27.
830 676 868 714 ex
890 658 1035 721 Seimaaio

64 748 156 803 verbi
177 745 334 802 devertere
350 755 386 800 'et
402 744 599 801 derivatorum
613 745 761 817 antiquane
783 740 860 797 bene
881 762 944 801 erae
960 748 1036 803 reri·

64 842 189 905 pturanr
204 833 329 900 noterit,
352 829 498 903 ediditque
512 830 646 884 rimiiiter
660 828 690 883 in
705 846 747 883 or.
759 844 813 902 pro
827 826 929 886 Milon.
942 850 967 887 e.
982 834 1034 890 20.

64 914 174 993 Neque
197 918 283 972 eiiter
305 915 393 970 aeribi
415 914 511 984 debet,
532 924 567 969 ut
587 923 653 989 port
665 912 840 970 salutarium
857 918 962 973 nummi
977 919 1036 975 viri

64 1002 245 1059 docuerunt.
288 998 415 1057 Couauie
444 998 506 1057 ind.
528 998 591 1055 Lat.
620 998 690 1055 Era.
718 1014 746 1055 r.
769 998 933 1059 devertere.
977 1002 1036 1061 Hio

64 1108 144 1167 ergo
162 1088 194 1143 in
204 1086 334 1143 Graevio
347 1088 541 1141 constantiam
555 1083 828 1159 banrbinienaauque
842 1084 1035 1163 diligentiam,

64 1192 148 1250 quae
182 1174 238 1246 ipai
267 1170 304 1227 ob
333 1172 433 1227 oeuior
462 1182 526 1226 erat
554 1181 670 1239 tamen,
703 1188 879 1245 magnopere
908 1176 1035 1249 requiro.

64 1260 189 1317 Garat.

159 1341 187 1424 §.
212 1343 282 1400 134.
331 1338 460 1407 Videris,
496 1337 621 1417 iudicer]
655 1338 695 1395 Et
722 1336 911 1418 Naugerium
944 1342 1035 1401 editio

64 1429 169 1487 Lucae
182 1428 305 1484 Antonii
326 1424 427 1481 luntae
449 1435 479 1480 et
493 1424 662 1482 Victoriana
676 1424 747 1482 Rob.
761 1424 904 1502 Stephani
926 1424 1035 1487 babeat

64 1514 126 1573 boe
160 1513 301 1587 amplior:
328 1511 438 1569 Vob'tet
465 1530 530 1566 eum
557 1528 670 1586 magno
697 1520 824 1567 caterva
853 1520 1035 1589 togatarum,

64 1601 196 1668 videtin,
218 1598 352 1669 iudicer,-
373 1598 465 1653 etiam
486 1594 596 1651 videtie
617 1595 746 1667 iudicer,
763 1606 795 1651 at
817 1614 925 1655 aranea.
951 1598 1034 1658 Haeo

64 1688 103 1744 ab
129 1687 195 1741 iiiia
215 1683 332 1757 prodita
353 1699 416 1737 esre
438 1698 476 1736 ex
488 1678 579 1751 usn,
601 1698 654 1737 eur
674 1676 822 1736 dubitemi
844 1692 874 1737 et
885 1682 921 1737 ab
938 1696 1035 1757 porte·

64 1770 204 1830 rioribue
231 1786 283 1843 per
309 1768 400 1823 roianr
427 1766 637 1843 negligentiam
667 1768 872 1840 praetermiara
899 1785 951 1823 eur
976 1786 1037 1827 non

64 1850 204 1935 quereri
236 1851 322 1910 Certe
345 1862 375 1908 et
397 1849 550 1906 Lunrbinur
573 1860 601 1907 et
624 1849 820 1907 Gotbosredur
842 1863 872 1908 et
893 1852 1037 1911 Gruterur

64 1962 126 2001 our
151 1941 319 2009 onrieerint,
347 1956 465 1993 oauaana
486 1936 601 2007 dicant,
623 1954 710 2011 quarn
732 1956 788 2014 ego
809 1938 919 1994 nubum
940 1939 1038 2011 rideo,

64 2027 201 2087 necdum
223 2026 296 2080 ratio
318 2023 433 2079 iustum.
467 2020 597 2079 Gronov.
639 2021 721 2079 liaeo
742 2022 831 2079 rerba
852 2041 870 2077 a
892 2026 1037 2081 recentio-

64 2115 156 2172 ribua
181 2111 277 2167 deleta
297 2111 425 2183 repoaui,
446 2126 512 2163 eum
534 2109 734 2182 reperirentur
756 2110 785 2163 in
802 2108 929 2164 editione
943 2112 1037 2185 prima

67 2210 101 2257 et
132 2197 240 2254 Frano.
267 2197 370 2269 primo.
421 2192 575 2250 Sententia
603 2212 672 2249 eene
703 2195 755 2249 iiia
783 2192 915 2268 requirit.
964 2194 1038 2253 litae

69 2285 208 2357 alioquin
231 2282 334 2338 oratio.
369 2278 480 2336 Grueo.
524 2278 578 2335 Ed.
604 2280 684 2335 lesu
713 2280 756 2334 ita
777 2278 911 2349 exbibet,
939 2282 1037 2356 piane,

68 2380 107 2428 ut
130 2368 181 2424 bio
203 2368 311 2423 editum
333 2364 416 2421 vider
445 2360 481 2445 (u
506 2362 663 2443 Gremio).
705 2362 758 2419 Ee.
783 2365 865 2421 1572
892 2382 926 2420 eu
947 2367 1038 2425 uerba

69 2453 236 2522 Lambino,
264 2469 337 2525 quae
360 2450 395 2505 ab
423 2451 487 2523 ipso
510 2448 676 2505 Gronovius
704 2452 812 2506 omirea
838 2452 1038 2526 conqueritur,

70 2559 138 2600 non
159 2540 292 2594 restituit
313 2545 353 2607 et,
375 2535 452 2611 quod
473 2536 566 2612 anagia
588 2536 704 2607 mirere,
727 2536 861 2592 Olivotua
884 2555 902 2591 a
920 2536 1038 2594 (irona-

73 2629 129 2685 vio
151 2634 182 2680 et
202 2623 331 2680 Graeuio
359 2622 477 2677 exorari
504 2640 535 2675 se
556 2640 616 2677 non
638 2633 683 2677 est
703 2640 822 2696 parsur,
851 2629 885 2676 ut
907 2639 940 2676 ea
961 2624 1040 2678 reei-

73 2719 171 2789 peret.
203 2709 281 2775 Quid
303 2702 506 2763 Faooioiatuei
528 2704 572 2762 Ne
595 2709 620 2760 iu
643 2708 757 2780 quidem
776 2707 905 2771 odarieit,
926 2708 958 2763 in
978 2710 1038 2765 ima

73 2808 180 2854 tamen
207 2812 260 2851 ora
287 2792 431 2866 probavit.
475 2790 551 2847 'l'uar
579 2792 651 2846 iilud
678 2804 774 2863 reate,
803 2794 859 2847 ista
888 2810 926 2847 ex
948 2791 1039 2865 MSie,

73 2900 139 2939 non
162 2880 238 2954 quod
260 2880 391 2953 alioquin
413 2876 475 2932 biat
497 2876 603 2947 oratio,
624 2878 739 2932 restitui
759 2888 901 2951 oportere.
927 2876 1038 2936 Garat.

77 2966 193 3035 Verba,
215 2965 250 3020 de
273 2963 376 3038 quibus
398 2982 492 3019 rernro
515 2972 575 3031 eat,
600 2960 635 3017 ab
659 2961 799 3018 Cicerone
825 2963 954 3036 profecta
976 2984 1039 3023 erre

75 3049 153 3110 mibi
176 3068 234 3105 non
258 3048 434 3123 persuadebo
456 3066 601 3122 uniquam.
645 3049 721 3114 Quid
743 3048 835 3123 igitur
857 3045 921 3103 euti
949 3050 1038 3107 libre-

74 3140 196 3195 rinarne
223 3153 258 3191 ea
285 3136 329 3189 uti
357 3132 444 3189 hodie
480 3135 631 3210 beguntur,
669 3137 826 3189 inser-nim
859 3134 1039 3192 statuemur'i

76 3220 167 3291 Quod
184 3238 237 3275 our
257 3220 398 3275 iaeioruua
420 3218 568 3286 iudicium,
590 3222 660 3274 item
676 3218 821 3292 probabile
834 3221 942 3277 nulium
956 3223 1039 3277 nobie

76 3309 211 3382 ruppetit
231 3315 450 3381 argumentun13
483 3322 607 3377 namquo
630 3305 666 3359 iia
689 3306 803 3360 orniseie
825 3303 905 3362 biare
928 3311 1039 3363 oratio-

77 3412 147 3451 nenr
171 3390 300 3447 Graevio
321 3407 380 3445 non
404 3398 447 3444 eut
469 3389 694 3459 eoncedendum,
718 3389 746 3444 id
769 3390 843 3463 quod
866 3402 945 3447 reete
963 3392 1041 3446 vidit

77 3478 271 3535 Garatoniua.
313 3474 539 3531 Verumtamen
568 3494 646 3542 rena,
677 3477 701 3530 oi
725 3475 793 3549 quid
820 3477 923 3547 video,
952 3475 1039 3530 facile

77 3562 248 3638 expeditum
271 3561 309 3617 iri
330 3560 475 3629 arbitror,
504 3560 554 3615 ubi
574 3561 664 3614 rerba
684 3563 728 3616 eie
749 3563 919 3623 scripseris:
948 3563 1039 3616 etium

77 3658 114 3706 ut
143 3663 244 3703 naraea
271 3646 381 3722 deupio.
424 3645 554 3710 Quaeri
582 3647 797 3717 eoruprobaria,
825 3647 973 3722 intelliges
995 3646 1040 3701 ia-

77 3735 207 3802 eiiiime,
235 3734 283 3805 qui
305 3732 432 3800 sactum,
447 3739 495 3785 ·ut
515 3727 606 3784 rerba
625 3731 735 3787 videtin
756 3730 870 3785 iudicer
898 3732 1042 3805 interpre-

76 3818 163 3877 tandi
185 3819 284 3895 gratio
296 3834 334 3872 ex
356 3814 501 3889 prioribua
519 3822 724 3889 repeterentur
738 3814 774 3869 ab
786 3812 922 3875 iibrariia.
951 3814 1042 3873 Cudd.

77 3903 188 3961 Patiar.
211 3904 269 3961 duo
290 3900 430 3977 praebent
450 3910 481 3959 et
502 3920 591 3981 upum
612 3900 673 3959 oid.
717 3897 848 3965 Quadri
877 3900 910 3957 ia
938 3900 1041 3961 iirdera
