2304 4320
87 258 179 339 200
223 257 547 326 euuouarrouns.
568 258 718 324 cenxt
732 263 907 341 sarua
920 261 1034 348 xupe

176 434 277 510 231.
320 432 466 507 libenter,
487 433 651 506 audaem,
674 431 848 513 tttereqee
872 435 1035 517 denqiue

92 533 122 582 et
143 520 225 578 editt.
247 537 345 577 omnes
367 519 515 578 audacter
535 530 648 596 praeter
669 517 884 595 Lanuuinum,
914 524 962 597 qni
980 523 1035 580 eale

92 608 170 666 citer
191 604 298 677 edidit,
334 623 455 681 eumque
483 613 621 682 sequutus
643 614 688 661 eet
711 603 870 669 Orelliua.
901 607 939 665 oi.
958 609 1034 676 (inuti

92 692 163 753 luat.
186 689 238 749 Or.
261 689 289 761 Ι,
312 708 373 765 cap.
390 691 420 747 d.
453 687 618 748 Inhaerent
641 698 759 747 tessere·
776 690 915 771 quidone
936 692 1035 751 mose

93 778 171 836 eima
198 773 375 851 diligentiae
398 768 621 855 perterritae,
649 781 685 831 ut
714 775 954 835 audaciter
975 780 1035 857 petia

93 862 214 933 dieunt,
245 879 333 938 quom
355 860 568 932 audenter,
597 858 668 918 licet
689 877 802 918 onem
827 872 972 922 oratores
989 862 1036 921 eliel

94 955 269 1026 sequester.
319 946 529 1012 Quintilianum
560 947 713 1020 increpent
752 946 821 1004 viri
861 949 962 1022 docti,
993 951 1035 1007 lore

94 1034 268 1109 optimorum
291 1029 372 1087 codd.
394 1033 567 1090 auctoritate
595 1031 684 1088 fultor
712 1047 755 1087 ex
787 1035 934 1108 antiquie
953 1035 1035 1091 anesi

94 1117 148 1175 bue
170 1126 387 1187 coacervantes,
410 1116 512 1191 quibus
534 1131 738 1191 saepenumero
757 1116 904 1176 inveniri
922 1119 1035 1176 amede

95 1201 288 1276 comprobent.
311 1199 346 1256 ei.
362 1202 489 1260 Gronov.
511 1200 548 1259 ad
562 1200 625 1258 etv.
638 1197 751 1272 xxti,
776 1219 805 1259 o.
821 1203 884 1261 25.
906 1202 971 1261 xl.
983 1202 1035 1261 eli

94 1285 164 1349 Non
191 1297 286 1342 autem
314 1285 465 1357 viderunt,
495 1286 721 1356 Quintilianum,
752 1302 854 1359 quum
887 1288 987 1361 eliud,
1005 1305 1035 1345 m

95 1369 173 1429 illud
192 1371 240 1426 rel
261 1367 314 1426 ltoc
335 1379 501 1448 aequentur
522 1370 684 1446 scripserit,
712 1369 759 1426 nil
781 1373 848 1429 nisi
874 1372 935 1432 hoo
954 1374 1036 1433 vetate

96 1457 242 1525 evincere,
272 1467 425 1532 utrumque
454 1455 615 1514 oratoribus
641 1454 730 1511 tunae
753 1457 930 1534 usitatum3
961 1475 1036 1534 pem·

95 1560 157 1598 aem
186 1550 282 1598 nutem
312 1560 410 1598 eorum
438 1560 499 1598 erse
527 1540 723 1613 sedulitatem,
752 1543 809 1616 qui
832 1545 961 1602 nonnisi
979 1542 1037 1600 eale

96 1627 174 1684 citer
207 1626 294 1682 scribi
327 1638 459 1701 oportere
494 1635 684 1684 autumarent.
739 1623 922 1702 Utramque
957 1629 1037 1688 sunu

97 1713 185 1768 etiam
213 1710 288 1785 npud
310 1710 475 1768 Ciceronem
497 1709 745 1786 deprehendimu13
781 1711 820 1769 ci.
847 1713 935 1773 infra
955 1713 981 1796 ᾗ.
1000 1715 1038 1784 lli

96 1798 147 1855 ulti
169 1795 329 1854 ccdeeciter
356 1807 385 1853 et
412 1797 494 1854 codd.
515 1807 544 1854 et
564 1794 706 1852 Prisciani
732 1793 867 1854 fulcitur
900 1800 1038 1866 testimonis

95 1901 126 1962 p.
151 1883 232 1939 1014
251 1880 283 1938 P.
307 1916 345 1927 -
375 1880 422 1937 Pr.
445 1881 556 1939 Fontei.
578 1878 681 1954 Capi.
704 1876 730 1960 §.
745 1881 774 1936 1.
821 1881 1040 1944 Audaciterle

97 1969 178 2040 dico,
220 1966 350 2039 iudices,
385 1986 442 2026 non
472 1975 582 2025 temere
613 1964 762 2039 confirmo.
809 1966 854 2028 of.
888 1966 1040 2048 interpret

98 2053 219 2121 Quintil.
241 2055 260 2108 l.
281 2055 301 2112 l.
319 2085 362 2109 -v-
405 2082 409 2091 ¹

182 2141 213 2214 ᾗ.
236 2139 285 2195 31.
330 2136 415 2195 nullo
443 2157 493 2196 rer
521 2144 611 2195 tento
639 2135 773 2217 existet]
812 2135 876 2196 Ed.
911 2138 997 2205 Rom.
1017 2138 1042 2196 e.

96 2219 172 2279 Med.
196 2224 310 2281 existit.
346 2222 396 2280 Sic
419 2235 448 2281 et
470 2219 532 2281 MS.
549 2222 610 2280 Pal.
639 2221 748 2298 Nempe
770 2241 925 2299 accepere
948 2228 1042 2286 estate·

96 2324 151 2384 pro
173 2325 245 2366 ecee.
288 2309 377 2366 Aldus
405 2310 534 2366 restituit
566 2309 689 2365 existet.
732 2305 782 2364 Ex
809 2311 936 2369 usitato
964 2315 993 2370 in
1014 2310 1043 2367 lat

96 2395 241 2450 sententia
262 2394 346 2451 modo
374 2394 511 2470 loquendi
532 2392 651 2451 debebat
673 2411 734 2450 esse
755 2394 900 2467 existet,
932 2409 965 2455 nt
985 2394 1043 2455 eliu

99 2476 258 2546 Graevius,
281 2491 380 2554 estque
401 2481 431 2535 in
452 2476 516 2536 MS.
538 2477 596 2538 Gu.
619 2498 645 2536 a.
666 2497 705 2535 m.
722 2483 749 2534 ἰ.
772 2478 826 2535 sed
846 2481 971 2539 Graeco
990 2478 1043 2539 uolt

99 2562 189 2621 dixit:
212 2560 288 2621 οὐδέν
309 2587 351 2621 τοι
371 2561 452 2622 τόσον
473 2567 586 2640 γένοιτο.
607 2563 727 2621 Erueet.
759 2561 880 2622 Orator
896 2569 926 2624 si
945 2570 1044 2627 erstem

98 2649 229 2724 scripsit,
258 2649 429 2707 confidentia
444 2661 521 2707 certe
535 2651 632 2724 aliquo
648 2667 684 2705 ex
698 2658 780 2723 parte
795 2666 924 2723 pessum
941 2653 1005 2711 datu
1015 2661 1045 2720 tt,

98 2750 155 2808 qun
177 2752 207 2789 se
229 2731 351 2792 Sextum
373 2733 510 2792 Roscium
537 2736 613 2790 velle
641 2733 792 2790 defendere
820 2734 892 2808 ipae
923 2756 1008 2814 supra
1023 2744 1046 2790 at

98 2818 252 2893 professus.
295 2819 401 2877 Verum
422 2831 519 2877 tamen
538 2819 667 2876 dedimus
682 2819 832 2890 exsistat,
858 2836 959 2896 quum
971 2822 1000 2880 id
1009 2822 1047 2898 ple

98 2904 236 2961 rimorum
258 2905 397 2963 librorum
419 2922 559 2961 consensu
582 2905 775 2962 confirmetur.

184 2992 214 3064 ξ.
236 2992 286 3048 32.
330 3009 395 3046 cum
416 2991 509 3062 ferro
538 2997 627 3066 atque
650 2987 719 3046 telis
740 2990 890 3070 veniatis]
923 2993 1049 3074 Ingeniosa

100 3068 277 3153 Heusingeri
298 3077 462 3133 coniectura
484 3085 528 3132 est
550 3093 615 3131 cum
636 3076 728 3149 ferro
757 3083 788 3132 et
816 3088 890 3134 outre
925 3081 1003 3138 telis.
1029 3074 1050 3131 d

100 3151 193 3214 Beier.
215 3159 252 3217 nd
274 3159 332 3217 Cio.
356 3159 390 3217 de
413 3159 494 3216 Offio.
517 3157 547 3231 l,
576 3179 601 3217 c.
620 3161 667 3216 14.
690 3157 727 3217 Τ.
749 3158 777 3230 1,
803 3178 831 3234 p.
851 3165 932 3221 105.
961 3160 1051 3223 Ramrl

98 3237 130 3296 L.
153 3240 204 3298 Gr.
226 3247 254 3319 ξ.
272 3245 342 3309 161.
365 3247 394 3302 2.
416 3247 444 3301 6.
488 3244 617 3304 Atride
639 3244 715 3301 infru
736 3247 765 3320 ξ.
784 3245 840 3305 78.
871 3252 933 3327 qui
949 3257 1052 3331 proptu

99 3324 184 3383 illiue
205 3339 327 3387 mortem
350 3331 382 3388 in
404 3339 539 3407 egeatnte
561 3339 591 3388 et
613 3328 733 3386 insidiis
754 3341 929 3408 verentur,
953 3333 1054 3394 nisibe

97 3410 163 3468 loco
195 3425 311 3488 propter
338 3427 503 3489 sequentem
534 3415 676 3492 syllabam
697 3416 731 3472 ire
754 3448 793 3461 -n
819 3420 976 3479 excidisse
995 3433 1055 3498 prat

96 3498 270 3572 positionem
291 3501 418 3558 volueris
439 3513 575 3559 statuere.

192 3581 263 3640 cie.
285 3582 354 3644 Xll.
384 3585 411 3658 ᾖ.
434 3586 485 3646 33.
529 3585 595 3657 Quo
620 3583 750 3665 populate
778 3583 863 3645 R...
896 3592 1057 3652 inserente

98 3667 155 3748 eat]
185 3666 217 3726 ln
243 3669 287 3725 his
315 3686 428 3744 semiper
454 3671 551 3743 haesi,
581 3691 634 3729 nec
663 3692 697 3728 en
724 3689 917 3747 concoquere
950 3687 1057 3755 possuu3

98 3753 170 3811 adeo
193 3754 264 3812 mihi
293 3773 350 3811 non
378 3754 463 3812 modo
485 3757 581 3813 verbis
611 3756 742 3829 duriora,
771 3757 824 3817 sed
857 3763 959 3822 etiam
987 3765 1057 3822 olieut

97 3836 160 3897 looo
188 3858 249 3898 esse
279 3838 423 3900 videntur.
473 3839 600 3900 Primum
629 3843 712 3919 quale
740 3852 802 3915 est,
832 3863 896 3920 quo
929 3849 1008 3910 eriles'l
1027 3847 1058 3902 ir·

510 3968 525 4007 ὓ
