2304 4320
121 330 209 412 324
258 323 582 391 suuorsmouss
621 323 840 388 cunxmv.
866 316 992 406 pras.

125 522 212 585 gere,
235 511 267 559 ut
289 500 398 558 iudices
420 499 638 581 repugnantiam
659 517 697 556 ne
717 499 953 574 perspicerent.
985 494 1083 554 Cornu

126 592 159 649 in
180 586 324 664 prioribus
352 585 478 642 notanda
500 580 708 658 loquutio‘iiia'
727 583 966 659 periphrastic·
988 580 1083 658 Gir-po

126 692 236 753 genum
250 671 384 747 fecisse,
413 678 454 726 st.
497 666 591 726 Verbo
613 669 918 745 sacere'plerumque
942 666 996 724 ddc
1014 667 1085 724 relid

129 771 183 817 ote.
206 758 338 824 additur,
365 757 410 811 uti
431 752 507 811 infra
527 757 556 830 ξ.
579 754 646 811 151.
691 751 803 812 Solent
838 753 903 811 doc
932 752 1005 811 'boni
1019 754 1085 830 ispe·

128 853 250 904 ratores
263 843 377 917 secere
399 871 441 887 -·
463 848 496 897 ut
518 840 550 896 in
573 859 606 896 eo
628 838 690 897 Ioco
712 851 771 896 etc.
804 840 850 896 ad
876 839 986 897 Famil.
1007 837 1051 908 lv,
1066 840 1085 892 1.

121 931 245 1011 jecerat
269 934 369 984 autern
397 922 451 982 lucc
477 934 616 998 renatus,
644 934 677 982 ut
699 958 743 969 -
767 933 995 1002 consurgeret.
1020 933 1087 980 cont.

130 1015 209 1074 Ruti.
232 1013 261 1083 1,
282 1033 306 1068 c.
323 1013 356 1068 3:
375 1006 401 1090 ᾗ
416 1013 445 1068 9.
468 1010 502 1066 de
525 1009 606 1068 Orat.
629 1009 657 1083 1,
679 1029 703 1067 c.
720 1011 750 1066 7.
773 1010 804 1084 ᾗ
821 1012 882 1073 28.
925 1011 993 1068 Vid.
1013 1006 1086 1065 Mart.

120 1099 287 1174 Exemplo,
325 1096 428 1173 quibus
462 1113 552 1172 aeque
582 1109 669 1172 atquc
695 1106 801 1152 nostro
841 1098 914 1154 loco
946 1094 1087 1171 prononiu

129 1187 318 1254 omittuntur,
347 1183 490 1261 congessit
510 1180 548 1238 ad
568 1180 596 1238 h.
617 1182 637 1238 l.
659 1178 901 1255 Steinmetzius‚
933 1200 1020 1258 quem
1037 1177 1086 1237 ride

216 1322 244 1395 ξ.
271 1319 339 1375 128.
383 1317 522 1373 nimirum
556 1315 598 1374 nd
623 1313 840 1374 Kalendas
874 1315 1042 1394 Iunior]
1067 1311 1085 1369 id

132 1418 286 1477 estusque
308 1402 344 1459 od
365 1400 430 1458 Kal.
453 1401 517 1459 Jun.
560 1401 626 1459 Hoc
647 1403 751 1458 iccirco
773 1406 952 1473 annotavi,
986 1401 1085 1478 quotu

131 1493 226 1569 priore
260 1489 385 1544 editione
416 1489 541 1562 operarii
572 1490 774 1561 impresserant
806 1507 840 1545 a.
873 1489 904 1546 d.
937 1486 1013 1546 Kal.
1039 1484 1083 1545 Juu

130 1575 274 1634 mendose.
317 1571 450 1630 Lcrndin.
506 1570 655 1630 Nimirum
687 1568 859 1633 Kalendae
896 1571 1032 1651 Iuniae]
1060 1568 1084 1629 ld

132 1658 221 1718 MSS.
250 1661 343 1715 nostri
370 1658 567 1732 editionesque
592 1659 713 1733 prinae3
750 1662 947 1732 posteriores
976 1659 1083 1717 mun

133 1746 176 1805 ad
197 1741 268 1802 Kot.
297 1761 354 1800 non
383 1745 552 1800 necessario.
599 1742 720 1801 Gruter.
773 1742 843 1802 Nos
875 1748 1083 1803 retinuimust

133 1832 288 1900 nimirum,
311 1827 388 1903 quod
401 1830 482 1885 uncis
501 1830 650 1886 inclusivit
664 1827 866 1902 Matthiaeus,
883 1844 1018 1905 proptor
1031 1837 1083 1886 no

132 1917 264 1974 cedentia
293 1916 398 1992 opinor
418 1915 501 1996 ¹enirn
524 1928 577 1972 etc.
612 1925 641 1971 et
668 1913 710 1970 ud
736 1918 1017 1989 praepositionem,
1042 1915 1082 1970 uo

133 2021 196 2059 eam
217 2003 350 2078 ignorent
372 2009 400 2055 et
422 1997 492 2054 Pau.
515 2012 544 2057 et
566 1997 645 2055 Pnrr.
667 1998 748 2056 codd.
792 1999 927 2058 Etenim
954 1998 1082 2059 neeesun

134 2098 177 2144 est
200 2097 316 2160 propter
338 2085 433 2157 priora
455 2103 543 2160 quam
565 2085 607 2141 cd
627 2084 712 2143 diem.
755 2083 848 2142 Unde
866 2099 1019 2162 apparet,
1035 2085 1081 2139 eiu

136 2172 199 2229 dem
221 2171 281 2227 vim
309 2169 362 2225 hoc
383 2172 445 2225 ioco
473 2172 558 2244 qdone
580 2171 706 2227 eamdem
727 2189 789 2226 esse
815 2184 915 2246 atque
939 2171 997 2229 hoc
1017 2187 1082 2237 extu

134 2259 198 2333 pio:
229 2254 288 2311 Cic.
310 2255 345 2310 ad
370 2257 455 2311 Attic.
477 2254 547 2323 1ἸΙ,
580 2258 627 2314 ld.
657 2255 683 2337 ᾗ.
704 2258 733 2310 2.
784 2253 855 2313 Nos
874 2276 913 2314 ·a
945 2251 1083 2315 consutio

35 2379 40 2391 .
138 2340 272 2419 Capuam
295 2342 397 2398 venire
418 2342 494 2397 iussi
515 2359 614 2397 tumus
637 2343 678 2398 cd
699 2338 805 2397 Nonae
824 2341 1084 2400 Februarium

135 2428 238 2504 quovis
267 2426 311 2480 die
341 2438 407 2482 ante
428 2424 527 2482 Nonas
549 2425 629 2487 Febr.
652 2425 735 2484 nobis
762 2427 916 2484 advenire
945 2431 1032 2498 licet,
1054 2419 1083 2478 sti

133 2514 211 2570 ultra
232 2510 307 2566 huuc
334 2511 408 2566 diem
437 2511 592 2568 adrentum
619 2524 749 2568 nostrum
778 2511 907 2569 differre
940 2533 1002 2572 non
1028 2510 1084 2567 deit

136 2617 207 2654 mus.
252 2597 310 2662 Qui
336 2599 473 2653 onrittunt
498 2598 754 2673 praepositionem,
784 2599 994 2678 ambiguitati
1014 2598 1085 2654 sareu

134 2682 262 2740 mirifice.

133 2843 137 2849 .
221 2798 247 2882 §.
272 2801 341 2856 128.
385 2800 470 2857 nullo
501 2801 667 2883 redierunt]
704 2800 755 2858 Sic
784 2802 978 2881 legendum3
1014 2813 1040 2859 et
1058 2800 1086 2854 'iu

133 2889 273 2961 scriptum
294 2895 338 2941 est
359 2886 389 2941 in
409 2887 490 2943 libris
508 2907 650 2948 manuscr.
693 2885 786 2944 Nullo
811 2889 986 2948 redierunt
1006 2898 1086 2951 autea,

136 2973 165 3028 id
188 2984 245 3043 est,
267 2990 326 3026 non
347 2971 508 3043 redierunt,
531 2992 632 3045 nempe
653 2975 736 3034 bono.
764 2970 913 3032 Lambin.
950 2976 1005 3033 Ed.
1022 2973 1086 3031 148⁰.

136 3055 221 3113 nulla
242 3057 361 3113 ratione
384 3057 546 3114 redierunt.
590 3057 655 3116 Hoc
675 3079 728 3136 ego
750 3059 935 3133 probarem,
959 3063 1008 3118 cui
1021 3067 1086 3131 opp*

135 3143 217 3197 nitur
238 3143 358 3197 alterum
389 3143 461 3198 iilud
490 3143 594 3227 alique
623 3146 743 3201 ratione.
787 3143 928 3204 Videant
959 3144 1086 3203 acutioris

134 3222 228 3282 Multa
250 3227 323 3280 cuim
346 3228 376 3281 in
399 3242 548 3303 utramque
569 3241 677 3303 purtem
700 3228 754 3283 dici
779 3243 922 3300 possunt.
961 3231 1087 3288 Garum

135 3307 225 3367 Recte
255 3310 310 3364 dici
341 3311 425 3368 nullu
453 3314 516 3373 red.
546 3333 597 3388 pro
625 3334 682 3370 non
704 3313 766 3370 red.
788 3316 865 3369 satis
892 3317 1088 3374 conantium

134 3413 241 3452 omnes.
284 3392 436 3468 Scriptura
464 3412 558 3455 autem
588 3398 672 3455 nulia
694 3407 754 3458 rat.
782 3400 958 3471 speciosior
979 3413 1023 3458 est
1042 3399 1088 3474 'prt-

133 3492 198 3554 pter
218 3497 296 3555 seqq.
319 3478 424 3557 eliqua
445 3492 523 3553 rat,
546 3502 630 3558 quam
653 3485 762 3542 verior.
800 3481 884 3542 Nam
910 3501 978 3546 tum
999 3487 1088 3544 demun
1138 3476 1141 3483 ¹

132 3578 211 3621 recte
233 3565 342 3622 dictum
363 3577 439 3622 esset
460 3568 544 3625 nullo
566 3571 685 3626 ratione
706 3568 889 3642 redierunt,
924 3574 978 3631 ubi
999 3575 1029 3630 iu
1047 3566 1088 3644 pii·

133 3650 230 3706 oribus
257 3651 354 3707 omnia
375 3663 469 3708 esseut
498 3668 630 3711 accurate
659 3665 845 3726 enumerata,
877 3675 962 3731 quae
989 3659 1088 3716 fuissest

131 3733 352 3808 impedimento,
379 3739 531 3812 quominus
559 3739 633 3797 bona
652 3741 690 3795 in
719 3739 833 3796 tabulas
858 3742 1002 3814 publicas
1022 3740 1089 3813 reip·

131 3828 241 3875 rentur.
285 3822 369 3888 Quod
398 3840 485 3897 quum
510 3822 618 3880 factum
641 3825 774 3894 nonsit,
807 3827 956 3900 profecto
979 3831 1024 3889 vis
1043 3836 1089 3885 ‘rtr-

129 3898 230 3961 borum
252 3905 338 3984 longe
359 3915 403 3965 est
423 3909 515 3967 uraior
536 3919 623 3984 etque
643 3911 787 3967 sententia
809 3912 881 3986 ipsa
905 3918 1004 3975 multo
1020 3908 1089 3993 signi·
