2304 4320
45 288 62 375 o
226 297 545 363 concretiones.
590 296 777 362 corner.
795 306 825 381 s.
841 302 910 368 ren
967 300 1053 377 529

45 489 57 526 n
91 473 167 531 isus:
194 471 301 552 placet
329 474 426 551 igitrn
451 473 484 530 irs
511 470 559 530 loir
587 470 675 530 redere
703 469 821 549 aliquid
848 471 1054 551 imprudentia

45 577 55 613 e
83 560 261 639 praeteriri
287 560 353 616 luce
380 558 443 615 iere
470 559 579 615 clerice
607 565 669 628 est,
696 558 728 613 in
755 556 902 632 prioribus
929 577 989 617 non
1017 563 1054 619 dc

45 667 52 699 ι
88 644 243 702 meleficiis
264 643 496 715 committendis,
517 642 568 700 sed
589 643 687 717 notius
707 641 743 698 dc
765 641 869 698 iisdem
891 662 1053 705 sermonem

45 738 51 785 :·
88 730 185 787 inisse
198 750 201 757 ·
216 740 342 808 propter
376 749 478 787 rerunt
506 728 742 805 magnitudinem
766 730 1054 802 praetermittendis.

89 815 175 881 Qnse
195 833 284 890 quom
306 817 348 872 ito
370 833 433 872 sese
459 813 602 883 heberet,
629 815 726 870 locum
749 813 791 870 sic
813 832 876 870 csse
898 815 1055 895 emenden-

45 925 47 933 ’
89 900 162 957 dum
183 903 353 962 statuimus:
384 919 467 957 nemo
495 909 540 957 eet
567 900 661 969 enine,
689 899 741 976 qni
768 900 901 971 nesciet,
928 910 1055 978 propter

89 974 328 1060 ndgmtudinenr
357 1005 456 1043 rerunt
485 985 580 1041 enolto
605 984 712 1041 multoe
737 1002 794 1060 per
821 985 1054 1061 imprudentiam

89 1068 126 1128 L.
148 1067 267 1128 Sellnrn
289 1072 431 1129 cremisse.
475 1070 555 1140 lem,
583 1071 611 1127 si
639 1069 708 1144 quid
734 1069 837 1140 rideo,
868 1071 956 1146 plene
985 1082 1055 1129 sunt

90 1157 191 1213 omniu
212 1167 302 1233 etque
323 1157 459 1213 dilucide.
503 1155 577 1212 Orto
591 1164 689 1211 eutem
703 1157 794 1211 totius
812 1155 872 1211 loci
886 1159 1054 1232 corruptele

89 1259 131 1298 cx
158 1243 259 1318 inepte
286 1241 416 1318 syllabae
444 1243 485 1297 ine
512 1241 729 1318 geminatione„
763 1239 812 1297 Ex
839 1242 937 1316 perine
965 1261 1052 1317 quom

87 1327 206 1404 pertine
233 1338 311 1385 esset
338 1329 555 1405 excogitatum,
582 1327 734 1401 sequentis
762 1325 798 1382 ed
820 1325 911 1383 verbu
939 1327 1055 1405 tmpro

91 1412 181 1470 dente
204 1411 236 1474 L.
258 1410 363 1482 Solle,
393 1416 437 1469 uti
465 1408 492 1492 ξ.
514 1413 552 1469 21
578 1421 608 1468 et
635 1407 663 1491 ᾗ.
685 1410 726 1467 25
754 1411 909 1488 leguntur,
937 1431 1055 1471 ccccm-

91 1497 268 1571 modnrnnt3
304 1497 409 1573 quibus
431 1496 522 1554 -lrunc
557 1485 588 1553 id
615 1496 733 1553 modum
760 1497 947 1554 commutetis
973 1499 1053 1574 qnid,

45 1624 49 1656 ,
91 1600 216 1657 queso,
244 1593 309 1640 eret
329 1583 461 1653 facilius,
489 1599 576 1657 quum
598 1600 637 1637 ex
657 1581 791 1638 omisisse
812 1581 953 1661 effingere
975 1603 1054 1643 cone·

45 1710 49 1744 ,
90 1671 220 1741 esieiese,
240 1672 413 1743 praesertim
434 1686 522 1743 quum
544 1668 587 1723 sic
609 1667 716 1740 optime
738 1666 887 1725 videretur
907 1673 1055 1728 sententie

45 1822 47 1833 Ι
93 1768 165 1810 ecre·
179 1751 336 1810 restitutni
365 1750 514 1812 Oneittere
533 1761 633 1809 sutem
652 1770 715 1809 rem
736 1753 785 1810 rel
805 1750 952 1810 hominem
974 1755 1054 1812 dice·

45 1880 48 1916 =
92 1838 165 1894 bunt
186 1836 303 1909 Latini,
324 1838 380 1895 ulri-
396 1857 496 1895 cnrom
517 1840 581 1894 eius
601 1856 661 1894 non
682 1839 806 1912 emplius
827 1836 988 1912 holebunt3
1015 1841 1053 1899 ci.

45 1988 48 1995 ¹
93 1921 305 1994 lair.-.XXlll‚
323 1943 351 1981 c.
373 1925 424 1983 25.
450 1922 601 1982 Gallicane
623 1921 729 1981 bellum
754 1932 784 1980 et
805 1925 904 1980 cnsitte'
932 1934 996 1982 tcto
1023 1935 1054 1984 et

45 2056 47 2087 o
93 2009 219 2084 differri
244 2026 341 2085 posce.
383 2009 455 2067 llio.
478 2008 587 2079 xxii,
609 2028 635 2065 c.
660 2010 708 2065 12.
733 2017 767 2064 est
788 2029 881 2086 neore
903 2013 1054 2069 omitteret

93 2114 281 2172 cuneoque
308 2095 549 2171 congrederetur.
595 2093 707 2150 Deinde
735 2114 792 2170 per
822 2096 1054 2172 imprudentiores

91 2180 226 2254 loquutio
247 2189 294 2237 est
315 2179 450 2239 Ciceroni
473 2181 520 2237 rel
540 2182 667 2238 mexime
687 2180 814 2252 usitetc3
837 2181 872 2236 cf.
895 2198 948 2253 pro
967 2180 1054 2240 Rosc.

94 2264 174 2324 Cone.
205 2284 231 2323 c.
253 2267 283 2325 7.
311 2262 338 2346 ξ.
360 2269 412 2324 21.
438 2266 612 2324 incredibile
640 2274 750 2323 eet-
772 2275 802 2322 et
824 2263 972 2324 Fannium
998 2287 1056 2345 per

93 2351 244 2408 molitione
272 2353 389 2427 fecitte
425 2361 455 2409 et
482 2350 620 2410 Raecium
654 2371 711 2428 per
741 2352 974 2429 irrrprudentione
1002 2353 1053 2411 de-

93 2446 210 2514 ceptum
232 2455 305 2495 eece.
341 2439 373 2495 in
394 2436 478 2496 Verr.
499 2437 541 2509 ll,
564 2457 587 2493 c.
610 2438 660 2494 23.
683 2435 710 2517 §.
732 2437 782 2494 57.
809 2433 868 2508 To,
892 2439 944 2515 qni
965 2441 1056 2496 insti-

94 2531 199 2582 tueres
227 2524 259 2579 in
290 2542 339 2580 eor
366 2523 627 2595 animadvertere,
656 2524 707 2600 qui
733 2541 894 2599 perpernne
921 2524 1054 2581 iudicas·

93 2617 177 2676 sset,
207 2609 285 2685 quod
311 2627 401 2686 caepe
430 2629 487 2687 per
514 2608 746 2687 imprudentiam
771 2608 826 2678 fit,
854 2606 906 2665 loe
936 2612 1054 2685 pateris

93 2695 213 2769 inpune
240 2693 412 2752 discederet
447 2695 530 2752 Orat.
552 2715 575 2752 c.
599 2695 649 2752 56.
673 2690 700 2773 ξ.
725 2695 793 2750 189.
824 2695 956 2751 incidere
983 2713 1054 2752 cero

94 2796 194 2837 onnes
216 2779 248 2835 in
265 2781 431 2837 orationem
453 2782 545 2837 etiarn
567 2800 606 2839 er
628 2779 682 2837 loc
703 2778 835 2855 intelligi
855 2789 963 2855 potest,
979 2780 1057 2857 qnod

93 2882 199 2921 cerens
228 2883 328 2940 soepe-
346 2866 378 2922 in
407 2868 542 2924 cretione
569 2885 626 2943 per
653 2864 887 2941 imprudentiam
918 2866 1054 2931 dicineus.

93 2949 266 3025 tlsyndcton
286 2959 383 3006 eutem
410 2951 481 3008 illud
511 2951 605 3008 multo
627 2950 735 3007 multoe
764 2953 926 3006 sententiae
949 2954 1056 3023 optimc

94 3036 253 3090 convenire
282 3035 465 3092 arbitremur.
510 3037 652 3111 Exempla
679 3036 746 3092 vide
774 3037 850 3111 apud
877 3035 995 3093 Rerrmh.
1023 3037 1056 3096 1..
1125 3088 1128 3099 ,

94 3118 148 3185 Gr.
170 3115 197 3200 ᾧ.
223 3122 294 3191 188,
317 3119 340 3192 Ι,
361 3122 398 3190 Α,
419 3140 445 3178 u.
468 3143 495 3198 p.
519 3125 590 3179 804.
613 3121 657 3178 ed.
680 3123 709 3178 2.
734 3155 772 3174 .-

173 3201 206 3285 ᾗ
232 3207 300 3263 131.
345 3226 467 3283 qnorum
489 3207 566 3266 niltil
585 3207 716 3286 pernicii
736 3207 857 3286 consec]
881 3205 933 3264 Sic
953 3210 1056 3286 legen-

94 3289 181 3360 dum,
207 3291 236 3345 si
264 3290 361 3348 Gellio
390 3292 438 3351 lib.
462 3297 498 3367 9,
527 3313 551 3350 c.
577 3296 616 3350 lt
646 3293 805 3363 credimus,
842 3303 875 3350 ut
902 3295 1057 3351 eredimus.

93 3371 230 3434 Pernicii
252 3387 349 3435 nutem
370 3381 483 3453 purius
504 3399 590 3436 cesus
613 3387 658 3434 cst
678 3379 807 3452 antiquis
821 3397 838 3434 u
852 3382 970 3436 nomine
989 3399 1058 3452 per-

93 3462 195 3523 nicies.
239 3460 369 3521 Carisius
392 3473 488 3521 temen
510 3465 628 3520 videtur
649 3464 757 3539 legisse
777 3466 927 3539 pernicior
946 3482 1056 3520 conseo

91 3545 144 3604 lib.
169 3547 196 3602 l.
224 3545 357 3607 Lambin:
401 3549 454 3607 Sic
475 3560 505 3606 et
527 3549 697 3606 Ciceronem
726 3550 757 3603 in
777 3549 876 3606 Laelio
905 3550 1057 3620 scripsisse

93 3629 229 3700 lanterii,
261 3633 363 3691 dirimi
391 3645 491 3693 ternen
521 3635 709 3692 contentione
739 3633 871 3704 luxurii,
904 3653 943 3691 ex
969 3632 1058 3693 MSS.

93 3716 223 3774 ostendit
245 3715 391 3777 Gilicnius
412 3723 442 3776 in
465 3721 562 3776 indice
583 3721 614 3776 in
636 3737 710 3776 soce
732 3716 845 3795 effigio.
873 3718 946 3777 Vide
968 3722 999 3776 in
1020 3719 1057 3777 G.

93 3799 192 3857 Voseii
206 3802 368 3863 Aristotele.
385 3808 404 3861 1.
420 3804 453 3864 ΙΙ.
470 3806 506 3861 dc
522 3807 645 3883 Aoolog.
667 3823 692 3860 c.
708 3806 756 3861 19.
783 3805 895 3864 Graec.
929 3805 1057 3862 Omnino

95 3884 186 3951 Gellii
216 3890 379 3947 suctoritcs
409 3888 543 3950 Chcrisio
579 3901 624 3949 est
658 3888 866 3966 praeferende,
901 3892 927 3950 si
961 3900 1059 3949 tumen
