2304 4320
94 285 149 376 lt
503 294 655 359 orario

92 475 220 570 iusque
245 467 432 542 iurandum
456 466 494 539 id
520 481 754 568 assequantur
765 474 798 565 ⁶)
823 471 923 570 qnod
956 485 1063 548 antea

91 594 163 692 ipsi
179 588 317 663 scelere
337 600 375 662 et
398 588 501 661 ferro
520 592 663 688 assequi
678 590 960 685 consuerantl’)?
986 594 1063 687 Qui

92 740 139 788 ex
163 711 304 784 civitate
330 708 368 779 in
394 717 556 779 senatum
581 721 731 807 propter
752 710 986 811 dignitatem,
1017 739 1063 788 ex
1093 805 1099 817 .

90 840 215 906 senatu
243 830 281 900 in
312 825 383 898 hoe
413 827 599 900 eonsilium
631 828 760 902 deleoti
794 832 889 905 estis.
907 845 1063 930 propter

91 954 339 1038 severitatem,
367 942 413 1017 ab
433 944 491 1018 his
507 946 578 1021 hoc
595 949 776 1046 postulare
788 950 953 1053 homines
968 954 1062 1026 sica-

89 1076 166 1147 rios
192 1080 298 1168 atque
326 1063 565 1165 gladiatores,
593 1094 666 1141 non
691 1068 800 1142 modo
823 1081 864 1143 ut
883 1071 1064 1169 supplicia

90 1197 222 1285 vitent,
259 1212 352 1286 quae
375 1210 400 1262 a
428 1184 534 1258 vobis
564 1214 631 1286 pro
662 1189 847 1262 maleficiis
877 1193 953 1263 suis
983 1218 1061 1265 me·

51 1399 55 1407 ί
91 1324 193 1385 tuere
223 1317 331 1405 atque
355 1304 505 1379 horrere
537 1304 691 1401 dehent,
726 1337 851 1383 verum
882 1313 991 1384 etiam
1022 1323 1063 1385 ut

91 1430 216 1529 spoliis
232 1426 335 1500 Sexti
346 1427 474 1499 Roscii
484 1431 514 1522 ⁸)
535 1427 607 1501 hoo
622 1427 799 1530 iudicine)
816 1433 933 1503 ornati
945 1434 1061 1506 aneti·

91 1577 162 1652 que
188 1546 439 1640 disoedont⁰)?

191 1670 261 1743 lv.
314 1665 356 1739 9.
383 1666 455 1737 llis
478 1665 526 1746 de
540 1668 778 1741 rebus-tantis
791 1677 944 1768 *umque
962 1681 1059 1743 atro·

91 1790 195 1864 eiltus
224 1811 341 1885 neque
369 1787 456 1857 satis
475 1786 772 1861 'me-'commode
792 1774 1061 1890 dleeie'neque

90 1913 180 1984 satis
205 1907 362 2008 graviter
387 1907 560 2003 'conqueri
585 1932 701 2003 neque
723 1908 809 1978 satis
826 1904 941 1981 libere
958 1912 1059 1983 voci·

90 2029 203 2102 serari
231 2051 340 2123 posse
370 2024 547 2124 intelligo.
609 2024 703 2096 Nam
734 2027 979 2100 commoditati
1004 2030 1057 2101 in·

92 2149 259 2247 genium,
284 2147 449 2246 gravitati
469 2154 588 2236 aetas,
617 2142 773 2219 libertati
793 2156 961 2244 tempora*
975 2160 1060 2222 sunt

91 2266 358 2364 Mpedimento.
391 2267 476 2338 Huc
491 2264 630 2337 accedit
644 2290 800 2337 summus
811 2268 932 2360 timor,
950 2295 1059 2368 quem

91 2387 181 2460 mihi
205 2395 332 2458 natura
347 2384 533 2483 pudorque
556 2410 657 2457 mens
675 2385 855 2478 attribuit,
883 2399 920 2460 et
936 2399 1059 2461 vestra

92 2506 248 2606 dignitas
276 2513 313 2577 et
339 2505 398 2576 >vis
430 2503 716 2577 adversariorum
748 2517 784 2578 et
810 2506 901 2579 Sex.
928 2509 1060 2580 Roscii

90 2625 264 2726 pericula.
318 2623 549 2720 Quapropter
568 2651 640 2698 uos
666 2650 731 2699 oro
755 2635 862 2722 atque
885 2625 1057 2721 obsecro,

89 2748 250 2839 iudices,
284 2753 325 2815 ut
355 2753 488 2839 attente
514 2744 679 2845 bonaque
711 2771 791 2818 cum
815 2746 919 2817 venia
944 2747 1058 2818 uerba

89 2893 172 2939 mea
200 2865 364 2938 audiatis.
426 2860 496 2935 ll).
532 2864 624 2936 Fide
658 2866 902 2962 sapientiaque
935 2877 1058 2938 vestra

90 2987 205 3059 fretus
220 2985 301 3082 plns
317 2985 437 3057 oneris
457 2985 602 3076 sustuli,
633 3011 739 3083 quam
759 2984 854 3056 ferre
875 3012 933 3057 me
947 2970 1056 3085 posse
1090 3014 1093 3023 ·

90 3102 267 3202 intelligo.
326 3105 413 3176 Hoc
444 3130 534 3176 onus
568 3105 600 3177 si
633 3130 697 3176 vos
729 3103 847 3202 aliqua
878 3129 923 3176 ex
952 3117 1056 3202 parte

91 3222 288 3295 allevabitis
304 3220 360 3316 f),
388 3221 522 3318 feram,
549 3233 590 3294 ut
612 3234 760 3322 potero,
797 3221 914 3296 stnfflo
940 3235 978 3296 et
1001 3226 1055 3297 in-

175 3460 209 3543 a)
232 3470 413 3539 assequatur
435 3463 492 3520 Ox.
508 3486 539 3535 χ.
578 3461 614 3542 b)
636 3473 818 3523 consuerunt
837 3464 912 3522 coni.
938 3461 1055 3526 Ernest.

89 3587 148 3626 ree.
168 3566 209 3625 M.
237 3592 282 3612 -·
308 3563 395 3645 Vulg.
420 3577 610 3625 consuerant.
638 3576 855 3624 consueverant
883 3567 928 3623 ed.
951 3566 1056 3625 Venet.

90 3670 171 3746 prob.
190 3668 316 3728 Fasciol.
365 3665 397 3748 o)
424 3667 528 3727 Roaaii
555 3689 610 3728 orn.
639 3670 734 3749 codd„
749 3667 822 3726 Poll.
850 3667 881 3727 S.
904 3670 981 3728 Viet.
1011 3671 1055 3727 ed.

90 3773 207 3834 Gruter.
252 3770 286 3846 d)
309 3790 348 3829 ex
369 3770 424 3829 loo
440 3773 550 3831 iudicio
563 3775 637 3834 eoni.
654 3770 724 3828 Ern.
740 3788 819 3847 repp.
832 3770 913 3828 alito.
947 3770 979 3850 e)
1002 3769 1054 3830 ds.-

25 3918 31 3929 .
88 3874 234 3934 mendant
255 3873 361 3948 021.
403 3871 640 3958 Oalkoialitis
662 3873 769 3945 Oia-x.
