2304 4320
87 310 178 393 54⁰
259 308 584 374 snuorsrrouss
625 310 709 373 cur.
727 312 761 373 c.
790 312 828 398 §-
851 316 927 377 rso:

88 486 255 563 Utrumque
281 486 359 544 cuim
379 482 482 545 Cicero
502 482 651 560 exposuit,
682 496 750 543 tutu
775 485 862 560 quid
887 497 980 559 esset,
1003 487 1063 563 quel

90 575 123 631 ln
145 592 180 631 es
201 591 232 628 re
246 569 452 651 Chrysogonus
473 580 629 639 metueret,
652 582 715 627 tum
740 588 807 646 qne
834 571 876 627 de
900 591 1001 629 cnusss
1017 593 1061 630 ne·

93 669 175 716 tuere
204 658 266 731 ipsc
294 674 353 715 non
382 656 506 713 deberet.
557 654 640 723 Quotl
670 656 895 727 metuebatur,
924 657 980 714 boe
1003 670 1061 716 eut:

93 762 132 802 sse
159 740 276 821 quando
297 773 342 786 -
362 740 540 799 reddentur.
590 739 623 797 ld
653 752 753 797 eutem
788 740 888 800 Sulla
919 745 990 800 viro
1014 746 1059 819 quit

92 847 230 904 umquem
261 846 347 883 sunus
375 823 509 885 timenti
543 825 628 894 Quod
655 845 692 882 ne
720 828 776 883 illo
809 828 939 901 quidem
971 843 1059 885 mortuo

94 926 241 989 preestsrc
265 913 360 987 potuit
380 911 496 969 biennio
518 922 583 986 post
601 909 638 967 hl.
652 909 781 984 Lepidus
800 910 922 970 Cenem
946 928 1057 972 arment

96 997 197 1072 ltsquc
219 996 319 1055 Cicero
348 999 410 1072 ipse
437 998 536 1054 stetim
559 996 676 1053 subiicit
696 1014 859 1067 censensu,
894 1017 953 1054 cur
975 1000 1002 1056 id
1019 1017 1056 1056 ms

96 1083 212 1140 deberet
234 1080 440 1159 Chrysogonus
462 1094 605 1138 metuere:
630 1079 718 1137 Facis
741 1083 926 1156 iniuriam,
956 1082 1055 1162 Chryse·

95 1186 190 1244 gone,
212 1168 240 1223 es'
261 1169 404 1223 maiorem
426 1186 506 1245 spem
528 1179 584 1222 etc.
625 1168 682 1232 (lui
704 1168 885 1241 metuebat,
921 1188 961 1226 ne
982 1171 1056 1226 setlle·

95 1264 198 1310 rentur
227 1251 381 1326 aliquando
416 1253 491 1308 bono
522 1252 622 1307 liberis
651 1253 915 1326 proscriptorum,
959 1258 1056 1330 primun

95 1338 235 1413 potsbet,
263 1356 297 1393 ee
325 1354 374 1411 per
401 1338 461 1393 vim
483 1348 512 1393 et
532 1337 669 1392 iniurium
690 1350 798 1410 erupto
823 1338 926 1396 fuisse
947 1341 1057 1416 proinde·

96 1441 169 1496 rpus,
193 1421 241 1478 ubi
263 1422 341 1500 leges
361 1423 458 1480 velere
479 1422 656 1495 coepissent,
678 1424 800 1478 restitui
825 1424 958 1500 debere;
980 1425 1057 1481 deinde

95 1524 155 1564 non
178 1505 343 1580 dubitabit,
371 1509 442 1583 quin
469 1519 535 1564 ectu
556 1504 655 1563 Sulloe
683 1524 771 1580 quens
802 1512 944 1583 primum
972 1512 1058 1567 resciu-

97 1591 250 1666 derentur3
273 1591 327 1649 hoc
350 1595 425 1650 enim
446 1611 482 1648 ex
505 1593 556 1649 illo
577 1593 772 1666 consequitur.
813 1595 920 1662 Quam
944 1598 1060 1653 iniurius

96 1695 133 1734 ne
156 1676 255 1735 Sullae
278 1690 398 1753 petrono
421 1678 541 1734 libertus
563 1675 768 1754 Chrysogonus
792 1679 932 1753 fuceret,
957 1682 1059 1738 nrsxime

97 1765 226 1820 omniunt
254 1776 380 1821 metuere
401 1765 462 1837 ipse
483 1762 620 1834 debebat,
651 1774 683 1818 nt
711 1761 784 1819 hoec
808 1762 902 1822 Sulla
926 1769 996 1824 uiro
1015 1783 1060 1822 sese

97 1848 260 1905 ostenderet
282 1850 455 1907 existimare.
499 1845 621 1909 Ferret,
665 1845 745 1902 llaec
773 1851 871 1924 probe
896 1852 1061 1930 intelligebat

97 1931 272 2004 lnmbinus,
307 1933 373 1990 llum
410 1933 569 1989 consbntur
596 1932 761 2002 enrerulure,
798 1936 901 2009 facis
934 1939 1061 1994 iniurius

97 2016 189 2074 Lucio
207 2016 329 2093 Sullae,
354 2017 551 2096 Chrysogono.
594 2018 730 2075 Lantbino
752 2019 814 2093 ipsi
836 2023 987 2078 iniurium
1004 2023 1061 2080 Gui-

97 2103 211 2161 liclmus
240 2103 325 2176 fecit,
356 2106 523 2160 existimans
545 2123 562 2160 o
583 2105 727 2160 locutione
757 2116 789 2160 et
817 2109 948 2185 egregie
974 2108 1062 2165 Latius

98 2199 128 2245 et
149 2189 302 2246 admodum
324 2191 493 2268 pervulgato
521 2191 607 2246 telem
637 2190 729 2244 sirum
758 2190 967 2250 abhorruisse.
1002 2192 1060 2274 (vit

99 2273 201 2352 infre).
246 2273 290 2331 ltu
318 2295 387 2333 sero
416 2287 459 2332 cst
487 2272 540 2331 hcc
570 2275 699 2330 obsolute
721 2273 853 2347 (lictum,
878 2279 977 2351 facis
998 2281 1061 2335 s'nt's·

98 2360 194 2432 riam,
218 2361 238 2418 i.
259 2379 283 2417 e.
305 2361 411 2418 iniuria
433 2359 486 2416 hoc
508 2358 595 2428 iocis,
618 2361 723 2416 iniuste
744 2360 838 2433 focis,
874 2375 913 2421 ut
935 2364 1061 2421 reseretur

98 2456 193 2502 tumen
217 2445 253 2502 etl
276 2443 397 2503 Sullam.
444 2444 593 2502 Gcrctou.

185 2528 210 2612 ξ.
237 2533 306 2587 tto.
354 2528 445 2587 Facis
475 2532 637 2602 iniuriam,
674 2525 888 2611 Chrysogone]
925 2533 1002 2591 hlole
1027 2532 1060 2589 hic

98 2635 184 2674 voces
206 2617 370 2691 transponit
391 2614 562 2688 Luntbiuus3
584 2634 648 2672 num
672 2626 714 2670 cst
736 2615 871 2674 formula
896 2623 1004 2677 leniter
1022 2620 1060 2675 ol·

98 2702 243 2776 inruentis
273 2714 445 2775 peccantem.
489 2701 619 2759 Addutur
648 2699 741 2756 Plaut.
764 2698 832 2758 Mil.
860 2705 951 2763 Glor.
974 2705 1015 2777 ll,
1040 2703 1059 2759 6.

99 2790 193 2843 r.28.
239 2785 289 2842 Sic
313 2799 342 2843 et
364 2806 415 2861 pro
438 2785 540 2844 Flacco
569 2806 594 2843 c.
619 2787 667 2843 tt.
709 2783 794 2841 Facis
818 2788 957 2861 iniuste,
987 2790 1058 2857 breti,

98 2873 126 2926 si
148 2884 231 2946 putas
255 2885 308 2928 etc.
344 2870 494 2930 Guile’elm.
527 2872 563 2928 cf.
586 2870 693 2929 Donet.
715 2870 751 2927 utl
775 2869 908 2933 'ferent
933 2875 1004 2933 Hcc.
1022 2873 1058 2942 lt,

99 2959 129 3012 4.
151 2979 178 3015 v.
203 2961 251 3013 70.
268 2992 311 3002 —-

60 3096 63 3105 ,
131 3100 133 3106 ,
185 3040 211 3122 §.
237 3045 305 3104 tto.
351 3063 387 3100 ne
415 3043 595 3100 monumenti
624 3041 738 3118 quidem
767 3060 891 3102 caussa
923 3047 1001 3104 clem
1024 3063 1057 3100 re-

98 3127 247 3205 servavit]
274 3129 358 3186 Clam
381 3131 553 3186 inseruimus
576 3146 611 3182 ex
634 3127 715 3187 codd.
740 3125 864 3186 Oxonn.
897 3133 973 3192 Poll.
994 3143 1019 3189 et
1036 3126 1057 3184 S.

98 3211 234 3269 Victoris.
257 3247 298 3258 -
335 3215 469 3271 Dilucide
497 3216 571 3269 enim
601 3211 679 3268 clem
708 3225 864 3270 exaratum
892 3231 939 3275 est
962 3222 992 3274 in
1011 3212 1057 3271 eol.

99 3297 160 3354 Pul.
184 3301 266 3372 prim.
290 3312 319 3354 ct
341 3301 437 3356 Oxou.
458 3317 503 3374 p.;
533 3297 614 3356 cotld.
630 3297 746 3354 Oxonn.
761 3295 796 3369 C,
820 3296 866 3370 H,
894 3301 931 3374 S,
953 3301 1058 3363 S„Vlet.

99 3398 127 3440 ct
151 3382 210 3439 Pul.
234 3385 331 3441 octur.'
351 3388 485 3457 praebent
508 3385 591 3440 clere
613 3401 690 3440 serv.
720 3385 739 3439 i.
761 3402 787 3438 c.
816 3383 873 3442 cld
899 3408 1012 3448 reseru.
1028 3413 1059 3427 -·

100 3469 189 3526 Cotld.
213 3470 327 3526 Oxonn.
350 3468 376 3524 Τ
399 3484 466 3540 etp
494 3471 569 3526 dare
598 3487 674 3526 serv.
718 3467 869 3548 Disiunge
901 3466 1060 3531 litterumd
1091 3476 1093 3481 ’

99 3567 128 3610 ct
156 3557 220 3632 lege
248 3556 394 3610 uobiscum
426 3556 474 3612 clei
504 3575 616 3612 resero.
638 3586 681 3597 -
720 3553 833 3610 Voculn
866 3572 971 3616 nutem
1000 3556 1060 3614 ctas

101 3651 160 3695 tunt
184 3655 229 3698 cst
251 3642 430 3711 necessaria,
459 3655 493 3698 ut
522 3641 653 3714 equidem
680 3640 728 3694 vel
757 3638 792 3694 tle
815 3644 995 3702 coniectura
1014 3657 1060 3697 esu

74 3724 288 3797 ctldldisseru,
327 3728 358 3781 ni
392 3729 423 3782 in
451 3727 597 3782 codicibus
624 3726 801 3798 reperissent.
857 3727 976 3788 Orator
1001 3727 1061 3784 euin

99 3822 285 3884 posteaquam
309 3809 377 3867 Sex.
391 3811 529 3869 Roscium
551 3812 647 3866 omnio
669 3830 721 3867 suu
738 3808 943 3890 Chrysogono
966 3823 1062 3890 praeter

100 3896 224 3952 ultimam
248 3897 401 3954 tradidisse
423 3897 516 3968 dixit,
544 3896 618 3953 illud
645 3915 734 3954 unum
756 3897 860 3970 potuit
884 3912 1013 3973 restore,
1038 3903 1063 3952 ot
