2304 4320
97 278 152 356 95
446 267 449 273 '
502 278 678 341 onsura-

94 474 163 549 per
196 474 281 542 ros,
331 447 489 543 iudioes‚
546 449 682 525 linitum
721 450 814 542 erit,
871 453 1063 549 aperietur.

100 567 195 642 128.
237 567 381 667 Opinor
418 572 512 642 enim
547 594 627 644 esse
660 572 700 642 in
731 567 837 669 lege,
885 596 1003 670 quum
1032 573 1068 646 ud

99 688 193 762 diem
223 689 506 786 proscriptiones
534 688 828 788 venditionesque
867 690 990 786 liant3
1026 693 1068 765 ni·

97 810 225 881 mirum
243 811 275 902 ¹)
310 804 357 876 ad
379 802 415 897 Ι’)
448 807 632 880 litnmoss
665 833 779 881 rumas
799 806 849 909 θ).
919 808 1070 912 Aliquot

95 937 180 1026 post
206 921 348 997 menses
380 932 416 995 et
440 923 549 999 homo
574 929 715 1000 oeeisus
740 938 796 1002 est
819 937 863 1001 ot
889 928 999 1004 boun
1020 958 1069 1005 va·

98 1050 195 1120 nisse
229 1045 408 1118 dicuntur.
468 1043 644 1120 Profecto
679 1057 739 1121 eut
772 1047 868 1121 heeo
904 1047 1068 1125 bonair

97 1165 237 1240 tubulas
269 1163 431 1261 publicas
459 1163 558 1236 nulla
575 1165 624 1260 t).
639 1164 823 1240 redierunt
847 1192 1005 1269 nosque
1033 1169 1067 1245 d

97 1287 167 1357 isto
198 1282 374 1357 nebulone
408 1284 556 1357 lucetius
582 1284 758 1357 eludimur
771 1291 823 1379 θ),
862 1312 986 1387 quum
1016 1317 1064 1388 pn·

97 1414 232 1496 tumus,
274 1413 357 1496 eut,
399 1403 431 1475 si
467 1403 672 1497 redierunt,
720 1402 867 1480 tabulae
903 1408 1063 1506 publicu

98 1519 335 1618 corruptaes)
370 1521 487 1620 aliqua
523 1525 665 1596 ratione
680 1535 790 1597 ¹aunt.
839 1524 963 1600 -Narn
996 1529 1062 1629 lep

97 1640 241 1740 quidem
259 1639 352 1713 bona
377 1644 500 1717 venire
524 1644 777 1738 nonipotuisse
802 1644 973 1720 onustat.
1008 1648 1060 1720 lu·

97 1760 245 1860 telligo,
279 1785 337 1832 me
361 1771 445 1834 nute
469 1772 631 1859 tempus,
664 1763 819 1855 indices,
834 1758 949 1839 'haee
977 1792 1059 1840 seru

97 1882 167 1953 turi
209 1887 245 1951 et
282 1879 539 1976 propemodum
577 1906 698 1954 errare
715 1886 772 1974 t),
820 1885 909 1980 qni,
964 1910 1059 1984 quun

95 2001 204 2097 oepiti
231 1997 320 2071 Sex.
348 2000 476 2072 Roscii
500 1998 636 2073 mederi
669 1999 842 2094 delienm,
879 2004 1059 2079 reduvias

95 2144 217 2191 eurem
234 2114 279 2215 ιι).
322 2112 407 2189 Nun
425 2121 518 2193 enim
534 2116 676 2193 laborat
693 2120 738 2193 do
753 2123 941 2218 pecunie,
960 2124 1058 2219 noni)

46 2246 48 2251 '
95 2236 202 2308 ullius
218 2232 253 2327 1“)
288 2238 462 2313 rationem
497 2241 552 2311 sui
583 2236 762 2312 commodi
795 2238 915 2338 ducit3
942 2243 1059 2320 'factu

95 2363 294 2454 egestatem
320 2381 419 2430 sunm
450 2382 489 2431 se
514 2357 666 2430 loturum
688 2358 813 2456 putat,
840 2360 887 2432 -si
911 2361 992 2441 hae
1017 2367 1058 2438 in·

98 2473 208 2573 dignu
223 2476 429 2570 suspicione
457 2487 493 2550 et
517 2477 601 2551 licto
627 2479 775 2551 erimine
799 2477 985 2556 liber-utus
1008 2487 1056 2557 sit

82 2573 191 2667 129.
220 2591 357 2666 Verum
383 2621 515 2694 quaeso
541 2596 702 2689 euobis,
730 2596 887 2692 iudices,
918 2616 965 2674 ut
981 2604 1057 2676 haee

94 2739 230 2813 panon,
267 2738 359 2814 quae
384 2726 541 2810 restant,
577 2719 627 2789 itn
652 2714 824 2810 audiatis,
859 2726 902 2791 ut
932 2726 1057 2821 partin

179 2917 213 2999 a)
243 2920 384 2977 nimirum
412 2939 467 2977 om.
490 2918 559 2978 Cod.
581 2918 682 2978 Frena.
700 2922 789 2995 prim.
809 2918 905 2981 Uneis
932 2927 1007 2986 inei.
1026 2923 1057 2985 ll

93 3019 126 3106 b)
149 3022 191 3080 ad
211 3042 267 3080 orn.
289 3022 345 3080 Ox.
358 3045 386 3095 χ.
412 3021 484 3080 Poll.
507 3021 580 3079 Edd.
602 3021 672 3080 Ven.
695 3021 774 3082 Cret.
796 3023 906 3083 Graev.
930 3026 1007 3089 Em.
1021 3027 1056 3087 St

94 3123 123 3207 a)
147 3123 309 3183 Ianuariis
332 3125 389 3183 Ox.
411 3122 444 3184 Ο.
469 3121 543 3183 Kal.
565 3122 637 3183 Ian.
659 3125 716 3184 Ox.
740 3123 787 3183 Τ.’
827 3119 861 3205 d)
890 3129 988 3190 uuila
1014 3150 1057 3190 rs·

94 3230 174 3287 tiana
190 3227 299 3285 rodier.
320 3226 375 3285 Ed.
391 3227 462 3286 Ven.
484 3229 563 3303 prob.
581 3228 681 3287 Garat.
721 3223 752 3306 a)
775 3227 955 3293 deludimur·
969 3230 1056 3293 mnu

90 3329 120 3408 ἰ)
147 3339 291 3408 corrupta
320 3329 376 3388 O-x.
394 3352 425 3402 χ.
472 3338 508 3410 g)
536 3349 640 3388 errare
671 3329 727 3387 Ox.
748 3352 785 3403 χ.
833 3328 871 3406 h)
900 3335 1056 3396 reduvias

91 3451 191 3490 euram
214 3451 270 3489 om.
293 3431 407 3491 Oxonn.
429 3432 462 3494 C.
484 3432 522 3495 H.
545 3433 660 3514 (relicto
681 3430 801 3515 spatio).
823 3467 865 3478 -
891 3470 936 3483 ι·-
974 3455 1066 3499 euru·

91 3535 149 3595 Ox.
172 3533 204 3593 S.
234 3553 297 3592 rem
325 3536 458 3595 (livinum
486 3554 590 3592 aarum
619 3535 675 3593 01.
699 3535 735 3594 T.
769 3535 944 3598 recidiuam
974 3560 1057 3601 euru

92 3638 149 3698 Ox.
162 3661 190 3712 χ.
214 3638 362 3695 rediviam
384 3637 495 3695 Manui.
511 3638 615 3696 Gener.
636 3637 714 3697 Oliv.
736 3638 824 3696 reddi
844 3641 922 3700 iura
945 3644 1006 3706 Ed.
1019 3646 1057 3705 ln

89 3739 245 3799 redudium
269 3738 452 3800 Vet.-Selrol.
480 3739 628 3799 reluvium
651 3743 814 3801 maluerunt
837 3739 939 3804 Turn.
963 3750 1057 3809 Garat

90 3838 114 3924 i)
137 3844 173 3902 da
189 3863 232 3923 pa
252 3879 296 3893 -
317 3862 438 3903 -noa
462 3843 518 3903 Ox.
539 3842 575 3905 Τ.
619 3842 655 3922 k)
679 3841 761 3900 illiue
784 3841 841 3900 Ox.
865 3843 908 3907 H.
948 3896 955 3908 .
