2304 4320
122 308 208 385 268
257 304 581 369 annotationum
623 306 706 371 CAP.
719 306 870 371 xxxu.
893 316 993 393 μῦ.

123 484 207 543 cintia
229 480 378 541 Cannensi
398 490 557 557 comparat.
597 478 709 539 Semne
731 490 780 540 eet
807 482 935 563 igiturt
958 503 1022 567 ego,
1038 490 1081 565 qm

122 572 208 629 multi
230 570 347 643 patroni
369 568 569 641 appellantur,
598 566 725 625 torum
745 568 779 625 ui
806 588 923 629 eornm
946 592 1034 653 grege
1049 592 1082 632 u·

121 654 313 725 nnmerairor3
341 652 406 723 tibi,
429 653 497 727 quia
518 662 704 709 accuratorea
726 662 856 727 practer
878 664 915 714 te
938 659 1014 715 nulii
1031 668 1083 731 nrt,

121 742 249 800 {ortanae
276 738 332 795 hoc
359 756 466 795 nomen
496 738 660 812 imponetur
681 749 713 795 et
740 748 792 797 tat
823 739 930 801 hanua
960 754 1083 803 accuratu

122 846 186 885 ecte
201 824 346 882 videbere.
375 822 457 879 ilaec
474 840 561 899 quum
583 824 754 898 iampridem
778 828 997 903 scriptionem,
1010 840 1083 907 noant

121 912 155 969 in
169 908 290 969 Arnobii
305 909 408 985 quinto
430 908 569 965 aiverrur
591 918 694 987 genten
715 910 819 968 iocum
836 910 928 971 hunc
940 914 1083 973 obactnrit

121 994 275 1075 Numquid
293 992 399 1051 boilum
412 990 541 1050 iliacum
561 995 593 1051 in
609 992 804 1053 Socraticam
819 1002 914 1056 verti
932 1002 1084 1060 condenat-

122 1084 232 1141 tionem
257 1077 382 1159 potenti
419 1087 473 1135 out
494 1098 603 1157 pugno
629 1077 686 1135 itta
712 1078 898 1142 Ganuenec'e
922 1088 1083 1167 proscripti

118 1166 191 1239 fieri
211 1164 433 1243 crudelitasque
451 1162 603 1221 Sullana?
629 1173 730 1243 puteat
755 1168 886 1245 quidem
910 1176 1081 1251 praeempta

120 1250 379 1335 (quemadmodum
402 1246 519 1306 Tulliae
541 1248 643 1331 ludit)
668 1270 777 1329 pugno
798 1252 869 1311 diei
893 1258 1082 1337 appellamur·

124 1336 302 1395 contentia.
332 1334 452 1392 Hotom.
496 1332 569 1391 Cum
597 1335 685 1391 caede
706 1335 865 1396 Cannenai
899 1352 1008 1401 orator
1026 1362 1081 1401 con·

119 1431 206 1499 perot
227 1421 345 1477 caedem
366 1420 566 1478 Marianorum
588 1418 752 1477 eSuiicuia
772 1422 910 1486 factam.
942 1425 1021 1487 Curi
1042 1428 1081 1485 tii

119 1516 236 1583 putant,
258 1508 327 1581 quia
348 1508 474 1563 maxima
496 1524 531 1562 ec
552 1504 655 1563 caeder
677 1506 777 1564 fuerit.
815 1508 1009 1587 Mennim,
1028 1512 1080 1589 quet

119 1592 212 1649 ciariie
234 1590 397 1649 Carmentis
420 1592 657 1648 commemoratio
672 1590 803 1649 Cinnani
826 1600 995 1657 exercituo
1014 1602 1081 1657 inter·

118 1680 271 1735 necionem
293 1677 474 1734 audientium
487 1678 594 1733 animia
615 1674 729 1749 offerat,
752 1682 841 1753 quati
867 1684 968 1743 indua
990 1686 1079 1762 quiin

117 1765 158 1821 ait
187 1765 219 1823 in
243 1764 343 1822 rethia
372 1762 539 1820 Cannensis
568 1772 597 1819 et
621 1762 833 1823 cinnameo.
884 1768 961 1851 Ego
991 1788 1079 1847 quoqu

117 1848 190 1906 mihi
217 1848 321 1905 vitieor
349 1850 534 1927 excogitatae
561 1850 671 1923 aliquit!
696 1867 756 1906 non
777 1848 833 1907 uba
858 1872 910 1911 re.
957 1856 1078 1915 Exiatint

118 1936 213 2005 enim,
242 1950 357 2011 pugnae
380 1932 541 1991 Canneneia
563 1936 739 1991 mentionem
762 1932 831 1992 iieri
854 1956 928 1998 non
953 1943 991 1999 ob
1012 1946 1078 2019 ipm

115 2038 253 2099 pugnam,
269 2018 319 2076 aed
332 2019 368 2075 ob
384 2038 428 2087 ea,
441 2038 514 2095 quac
527 2036 655 2097 pugnam
668 2032 854 2096 conrequnto
874 2036 965 2088 cunt.
994 2030 1077 2096 uum-

116 2105 272 2162 atimodum
295 2107 371 2162 eninr
393 2115 460 2179 post
480 2107 560 2161 iliam
582 2123 709 2184 pugnam
732 2116 859 2164 conctua
887 2124 939 2170 eet
955 2112 1077 2171 Romanu

116 2192 205 2247 etiam
227 2200 427 2265 praetextutoa
449 2208 562 2246 crurare
585 2200 672 2267 atquc
694 2191 766 2249 cieo
787 2210 903 2253 eervoa
932 2200 1015 2275 ipaoa
1033 2202 1077 2256 ino·

114 2276 164 2349 pia
191 2274 349 2332 liberorum
378 2277 523 2351 capitum,
551 2283 584 2331 ut
605 2287 707 2333 narrut
732 2277 837 2335 Liriua
862 2280 979 2342 xxti.
1001 2304 1025 2347 c.
1043 2286 1076 2355 ii,

115 2362 159 2418 ita
189 2364 276 2417 etium
304 2370 372 2436 post
399 2360 550 2417 Sullanam
585 2372 714 2441 stragem
743 2364 793 2419 vei
823 2366 931 2442 inepti
968 2370 1077 2429 hominu

114 2456 275 2522 coeperunt
296 2464 453 2517 accusare,
481 2455 568 2522 atque
598 2450 697 2522 inopia
719 2446 870 2507 bonorum
895 2456 1002 2513 videri
1021 2455 1076 2513 itti

113 2531 216 2608 itaque
237 2550 296 2588 non
312 2542 353 2603 tu,
376 2531 477 2604 Eruci,
500 2530 591 2590 bonus
606 2542 761 2591 accurator
776 2552 821 2605 ea,
843 2538 957 2614 inquit
970 2541 1076 2611 Totttu,

112 2618 163 2675 aeti
185 2616 293 2674 bonum
320 2627 349 2674 te
378 2616 451 2674 facit
479 2636 577 2695 pugna
607 2619 658 2674 iila
680 2616 868 2694 Caunenaia,
901 2642 984 2701 quoe
1006 2629 1075 2685 bouet

111 2705 240 2760 auctuiit.
263 2701 393 2761 Focciol.
427 2702 587 2761 Hotomoni
608 2705 837 2779 explicationem
863 2711 999 2769 silentio
1012 2730 1075 2789 prae·

111 2792 275 2846 terruitterc
296 2792 459 2861 noluimna‚
484 2799 638 2864 propterea
659 2791 735 2865 quod
758 2792 901 2851 omniurn
931 2798 1024 2877 longe
1041 2816 1076 2853 re·

108 2874 226 2932 riarimc
249 2883 302 2932 eat.
345 2874 529 2932 Faccioictua
552 2884 658 2945 autem,
680 2876 752 2931 iicet
770 2894 835 2933 rem
862 2882 1023 2942 studuerit
1040 2896 1076 2939 ex·

108 2960 210 3034 pedire
231 2961 437 3039 negociatione,
466 2960 538 3016 iilud
561 2979 621 3017 non
642 2960 762 3017 vitietur
782 2965 955 3041 tetigisse,
984 2972 1017 3028 in
1035 2982 1075 3045 qut

109 3046 202 3101 totiur
222 3047 268 3102 rei
290 3048 374 3121 quati
396 3047 484 3103 cardo
505 3047 641 3103 uertitur.
684 3044 814 3103 Maxime
836 3060 950 3111 nutem
980 3056 1019 3113 iia
1035 3056 1075 3111 ia·

107 3130 236 3204 potitum
258 3141 304 3187 ert
324 3133 399 3189 viria
420 3132 524 3203 doctis,
546 3131 597 3205 qui
619 3131 740 3188 Arnobii
763 3131 800 3187 ab
821 3131 1010 3198 Hotomano
1029 3142 1077 3197 itt·

108 3214 171 3271 tinti
193 3218 398 3273 auctoritatem
420 3218 535 3292 coqunti
557 3218 589 3273 in
605 3236 639 3274 eo
654 3216 740 3272 hodie
755 3218 945 3281 existiment
959 3226 1076 3303 acquiet-

107 3300 328 3373 emolumento,
350 3304 468 3359 nonnisi
489 3302 718 3360 crudelissimum
740 3303 824 3359 iuaau
847 3302 964 3369 Suiiue
987 3312 1076 3369 tectu

104 3388 349 3461 proscriptionem
374 3389 513 3463 appellari
535 3407 669 3465 pugnam
685 3388 890 3465 Cannensem,
907 3398 993 3471 quod
1011 3408 1078 3455 utro·

105 3469 194 3547 bique
208 3473 325 3546 plurimi
342 3474 510 3530 ceciderint.
533 3473 570 3529 cf.
583 3473 686 3530 Matth.
700 3474 737 3530 nd
749 3470 778 3529 h.
790 3474 811 3530 Ι.
828 3510 873 3522 -
902 3482 989 3549 Quid
1001 3485 1078 3563 igitar

104 3554 171 3613 eati
192 3557 328 3614 oiadeane
350 3559 544 3637 intelligendu
566 3568 595 3614 ct
607 3558 795 3616 Sullanorum
815 3570 847 3617 et
860 3562 1078 3627 Murianomni

103 3650 343 3699 accusatoremne
366 3652 412 3699 aet
434 3644 541 3701 bonum
563 3645 636 3701 fecit
650 3644 789 3701 Erucium
812 3655 1024 3731 utrorumque
1042 3655 1078 3710 in·

102 3725 228 3785 terituai
249 3728 343 3799 Quid,
366 3746 492 3803 quaero,
514 3730 539 3786 ei
555 3749 615 3789 non
637 3729 822 3807 perversius,
845 3746 940 3795 certe
963 3742 1077 3798 ieiuniu

101 3814 270 3893 excogitari
298 3822 412 3889 potest,
444 3831 530 3890 quom
556 3815 633 3873 hunc
653 3824 848 3890 utrorumque
874 3824 1001 3885 ciuilem
1022 3824 1078 3883 effe-

102 3898 178 3959 deae
200 3898 293 3971 illud,
319 3910 354 3959 ut
374 3900 500 3959 Erucius
527 3901 588 3959 inm
614 3902 647 3959 in
667 3900 753 3958 toni·
774 3898 951 3970 haberetur
972 3914 1079 3972 οδω·
