2304 4320
135 298 220 377 552
268 295 590 362 annotationum.
634 297 716 364 CAP.
732 298 859 364 xuvt.
886 306 1001 382 §.132

134 452 194 531 iate
216 472 327 530 dietum
349 480 396 529 ert
424 490 477 546 pro
497 471 627 545 resitire,
652 473 847 551 percipere,
874 474 1090 554 intelligenti

136 557 257 619 Terent.
279 556 391 633 Hecyr.
415 556 436 629 Ι,
459 560 490 627 2,
511 558 531 614 3
554 574 617 632 rqq.

238 658 346 712 Audin'.
365 657 430 725 quid
447 656 543 717 diram,
563 655 706 706 Seirte'isi
768 665 855 709 seret
874 677 933 720 roe,
953 662 992 711 nti

238 726 305 777 Tum
324 727 412 785 dicar,
431 726 453 774 ri
472 742 524 775 non
543 731 660 792 quaeret,
679 725 728 776 aul
743 743 777 777 ns
796 729 923 780 dixeris.

136 815 187 875 nbi
209 825 289 873 reete
312 812 464 870 Donatus:
488 813 577 869 audis
598 812 693 883 modo,
713 818 834 886 saurir,
860 817 1025 895 intelligit.
1054 816 1091 877 tr·

135 904 202 961 dein
216 901 332 959 ratione
347 897 444 956 Latini
468 917 541 955 areo
564 898 681 966 audire,
702 900 780 977 quid
801 902 894 961 velie
918 916 951 961 et
971 912 1092 980 quaeunt

135 988 166 1048 id
187 1004 280 1065 genus
301 985 369 1041 elia.
412 981 521 1040 Contra
550 1003 609 1041 vox
635 984 684 1041 ubi
712 986 926 1062 significatur
947 992 997 1046 vel
1023 1008 1093 1057 sonat

135 1074 187 1150 qui
217 1072 254 1128 ad
282 1088 368 1127 aures
389 1069 501 1139 fertur,
526 1069 597 1146 qaid
624 1089 677 1144 pro
698 1071 781 1147 quod
813 1092 844 1130 e.
870 1075 939 1133 ind.
963 1077 1021 1133 dici
1039 1077 1092 1131 nubi

134 1158 222 1218 roodo
243 1165 348 1233 potest.
391 1152 464 1210 Rern
486 1157 511 1211 si
533 1157 581 1229 qni
604 1157 731 1212 voluerit
754 1163 960 1230 perscrutari
981 1164 1092 1239 argutior,

136 1242 367 1302 emendationem
397 1240 522 1296 fortasse
555 1242 598 1296 sio
631 1241 784 1311 desendet,
826 1254 868 1301 ut
899 1257 1091 1321 praetereunte

98 1332 103 1339 '
136 1330 216 1387 dieat
238 1327 354 1383 audiere
376 1325 519 1383 auctionis
543 1328 698 1402 magistros
719 1331 888 1402 praeconi,
913 1332 987 1407 qaid
1006 1351 1091 1388 ennae·

134 1423 232 1482 roret,
256 1413 442 1485 imperantes.
484 1408 543 1467 Sed
567 1422 663 1468 tamen
691 1432 728 1467 ne
756 1410 840 1470 boec
875 1418 1002 1493 quidem
1027 1420 1091 1474 ioann

133 1498 252 1556 hebebit
279 1497 456 1570 explicatio,
489 1514 576 1570 quurn
606 1497 636 1553 id
666 1498 761 1571 ipsum
790 1518 864 1560 non
896 1505 1090 1579 magistratio,

133 1583 185 1641 sed
213 1584 366 1658 praeconis
387 1594 463 1639 esset
491 1581 636 1654 officium,
668 1594 703 1639 ut
729 1583 794 1656 ipse
820 1591 979 1660 pecunias
1002 1589 1035 1645 ab
1051 1590 1090 1644 tie

132 1669 263 1729 tentibus
287 1670 448 1742 propositas
470 1668 585 1724 audiret
607 1677 637 1725 et
657 1670 783 1744 pretium
810 1672 1001 1731 conficeret.
1036 1672 1089 1731 Seri·

128 1758 235 1833 'ptum
256 1767 353 1810 autern
371 1753 503 1810 codicum
525 1753 698 1828 ponderanti
718 1755 793 1811 mibi
819 1760 946 1831 optima
971 1761 1089 1817 saneriu

134 1853 196 1912 ert,
217 1859 302 1917 qnam
325 1839 443 1915 praebet
465 1837 534 1896 Cod.
558 1838 621 1902 Pei,
643 1840 726 1914 prim.
750 1849 783 1896 ar
809 1844 951 1919 quidam
979 1855 1088 1923 praeter

134 1935 247 1998 euntes,
263 1927 313 2004 qui
334 1923 367 1981 iu
385 1927 516 2001 pretium
538 1927 710 1982 enumerari
725 1925 918 2002 audiebant,
938 1943 997 1990 etc.
1025 1930 1088 1989 Dirc

132 2000 319 2071 rit'dortaase
339 2012 493 2085 quispiam,
514 2011 605 2067 rerba
623 2013 674 2090 qui
689 2011 722 2068 id
733 2031 781 2088 pr.
807 2014 939 2074 librarii
963 2013 1089 2093 esseptt'd

131 2098 354 2171 interpretaturi
376 2098 582 2152 coniecturam.
621 2097 697 2163 Quid
720 2099 818 2173 igitur
843 2099 916 2157 est?
941 2122 1015 2160 num
1034 2119 1087 2178 rpor-

131 2179 248 2243 renitet
287 2180 320 2238 Si
343 2182 513 2237 coniectura
538 2190 598 2252 est,
620 2194 650 2238 et
670 2182 847 2241 facillimam
870 2197 906 2243 et
930 2190 1086 2245 verissimae

131 2287 196 2327 erm
217 2268 322 2324 iudico.
356 2265 489 2341 Namque
503 2278 603 2323 orator
615 2286 702 2342 qnam
721 2287 816 2341 supra
839 2273 1009 2348 scripserit
1028 2280 1086 2331 tante

129 2355 243 2435 pretio,
271 2352 402 2427 proiecto
429 2363 647 2426 praetereuntes
676 2355 706 2410 id
734 2357 870 2427 pretinm
903 2360 927 2417 i.
952 2379 979 2416 e.
1001 2370 1087 2415 tantan

131 2440 204 2498 iliud
226 2441 362 2494 autliront
384 2438 545 2511 oportebat,
568 2450 599 2495 nt
617 2441 663 2494 rel
686 2439 752 2495 inde
774 2439 910 2499 fundum
938 2447 1040 2502 venire
1052 2441 1087 2499 ribi

131 2536 251 2605 possent
266 2523 449 2599 persuadere.
472 2522 588 2580 Deinde
601 2527 688 2580 etiam
702 2527 855 2599 scriptura
867 2531 1003 2605 quidam
1012 2536 1088 2608 praet

131 2613 249 2687 propius
279 2609 315 2665 ad
344 2611 496 2664 veritatem
524 2610 640 2667 ridetur
669 2611 828 2680 accedere,
859 2631 958 2688 quarn
983 2619 1088 2693 vulgata.

129 2696 318 2771 Perspicuum
335 2697 411 2750 enirn
428 2705 482 2764 ert,
506 2695 601 2750 verbis
617 2698 669 2773 qui
685 2705 785 2774 praet.
805 2697 872 2754 fere
889 2720 1000 2760 omnes
1019 2701 1088 2778 signi·

129 2783 230 2853 ficari,
252 2784 300 2855 qni
325 2782 530 2854 praeterierint
551 2784 612 2836 ullo
633 2784 728 2840 modo.
771 2781 875 2847 Quint
902 2804 982 2845 num
1003 2805 1049 2845 eos
1065 2784 1088 2841 ad

128 2887 218 2926 ununr
249 2886 349 2922 ornnes
376 2869 418 2923 rei
447 2866 617 2922 vendendae
645 2867 734 2924 fuisse
762 2867 895 2944 ignaros
929 2875 1030 2947 potnit
1053 2888 1089 2947 pro

129 2963 210 3010 certo
232 2952 380 3008 offirmare
402 2948 521 3008 oratori
543 2952 592 3008 Nit
615 2953 700 3011 addo.
743 2950 853 3010 Restat
877 2970 998 3028 autem,
1020 2969 1050 3015 at
1066 2956 1089 3010 de

127 3038 218 3095 verbo
241 3039 412 3095 errurnerari
434 3038 628 3110 disputemus,
649 3039 725 3113 quod
745 3039 805 3093 riri
830 3039 934 3114 docti,
959 3047 992 3101 ni
1013 3045 1090 3109 fallor,

128 3143 228 3181 ornnes
250 3127 291 3179 sic
314 3127 554 3197 interpretantur,
577 3126 683 3180 ntvirn
705 3122 905 3197 praedicandi
932 3132 1031 3187 inesse
1047 3139 1090 3184 ro·

127 3218 221 3268 tuant.
266 3209 354 3265 Addit
372 3207 547 3264 Mattlriaous
570 3209 659 3265 baec:
680 3208 760 3281 „Sed
785 3226 880 3282 quum
908 3214 1046 3273 additum
1063 3212 1090 3268 rit

127 3295 249 3365 venire,
281 3313 340 3350 non
362 3296 494 3364 uenisse,
527 3297 648 3369 pretium
678 3313 853 3352 enumerare
878 3298 948 3356 dici
972 3301 1090 3359 videntur

124 3382 291 3447 licitantes,
318 3396 405 3452 quum
431 3383 488 3435 aiio
517 3392 581 3452 post
609 3382 695 3437 aliam
723 3383 869 3455 pecuniae
897 3403 1019 3444 summa
1040 3402 1090 3460 pro

125 3468 297 3535 nuntiator3
332 3483 402 3520 nam
432 3484 608 3522 enurnerore
636 3475 681 3522 est
711 3485 726 3520 e
755 3466 895 3539 pluribus
932 3473 1017 3530 aliud
1042 3478 1091 3546 port

125 3552 205 3609 eliud
234 3553 419 3607 nnnrerare.“
462 3549 543 3606 Haec
565 3553 624 3607 iiie.
667 3550 758 3609 Nobis
787 3548 847 3607 hoc
869 3558 1008 3616 verbnm
1034 3558 1091 3613 iden

124 3636 293 3716 rignilioare
306 3635 425 3693 videtur
439 3646 525 3708 atque
545 3639 676 3713 pretium
694 3635 853 3704 conficere.
878 3643 924 3698 cf.
942 3664 998 3720 pro
1011 3645 1091 3712 Quint

125 3741 152 3780 e.
168 3722 216 3780 15.
235 3720 261 3802 ξ.
276 3723 328 3782 50.
363 3719 473 3776 Praeco
496 3723 571 3777 enim
594 3722 689 3797 pretia
710 3739 728 3776 a
749 3723 951 3786 licitantibus
975 3732 1092 3800 deincep·

124 3808 315 3882 pronuntiata
337 3807 448 3879 exeipit
470 3816 499 3861 et
520 3810 605 3881 qnasi
627 3815 796 3879 enumerat,
827 3829 1047 3895 summamque
1063 3814 1093 3871 rie

46 3952 50 3961 ,
126 3890 247 3951 conficit
266 3894 400 3967 pretium.
425 3925 464 3941 -
