2304 4320
317 1183 819 1272 PRAEFATIO.

474 1423 665 1430 ΜΠ..

88 1642 224 1774 Quum
254 1666 407 1763 primum
439 1663 486 1735 ad
517 1663 574 1738 Μ.
604 1659 717 1734 Tullii
751 1658 938 1734 Ciceronis
972 1688 1050 1735 ora·

88 1808 242 1895 tionem,
272 1829 384 1900 quam
402 1827 469 1898 pro
499 1799 611 1873 Sexto
637 1799 774 1871 Roscio
797 1799 920 1872 habuit
939 1797 1051 1872 Ame-

89 1944 190 2033 rino,
220 1948 256 2011 et
275 1936 479 2036 diligentius
506 1934 774 2009 examinandam
798 1947 833 2008 ct
856 1940 1053 2008 accuratius
1134 1976 1137 1986 ·

95 2073 334 2172 castigandam
362 2076 514 2145 animum
541 2072 776 2170 appulissem,
805 2072 865 2142 diu
891 2072 1053 2142 multum·

92 2210 218 2308 quein
238 2233 281 2280 eo
301 2207 502 2301 elaboravi,
524 2222 563 2281 ut
581 2208 742 2281 codicum
764 2207 947 2308 hucusque
966 2230 1056 2281 uon-¹

92 2345 175 2416 dum
202 2343 411 2416 collatorum
437 2347 576 2443 copiam
602 2345 688 2415 mihi
719 2345 895 2435 facerem,
924 2347 1055 2442 quippe

93 2483 155 2579 qui
176 2506 234 2552 me
255 2505 376 2552 eorum
397 2508 466 2578 ope
488 2482 691 2554 destitutum
713 2482 749 2550 in
769 2507 808 2551 re
830 2491 900 2550 tam
921 2479 1057 2552 lubrica

91 2628 234 2716 tamque
259 2616 392 2687 difficili
419 2616 508 2688 nihil
534 2618 643 2714 plane
665 2642 771 2713 posse
797 2614 973 2713 proficere
1000 2641 1055 2684 ar-

92 2752 261 2824 bitrarer.
306 2755 451 2826 Etenim
478 2755 546 2824 viri
573 2753 690 2844 docti,
720 2777 870 2849 quorum
894 2754 932 2821 in
957 2750 1060 2825 hisee

93 2886 205 2960 rebus
225 2912 360 2956 summa
383 2872 438 2959 est
463 2889 668 2978 auctoritas,
697 2887 803 2959 hodie
826 2890 877 2959 sic
902 2886 1057 2986 plerum-

95 3049 165 3122 que
185 3021 357 3114 iudicant,
378 3035 418 3093 ut
433 3027 610 3096 neminem
629 3024 699 3094 nisi
724 3026 827 3095 novis
850 3027 1059 3097 instructum

95 3157 264 3230 subsidiis
284 3158 329 3229 ad
353 3157 443 3231 haec
467 3159 582 3230 studia
599 3159 769 3233 accedere
789 3159 920 3233 debere
940 3163 1059 3233 existi·

95 3304 207 3366 ment.
256 3293 366 3384 Quod
401 3293 544 3392 quidem
577 3296 710 3368 faciunt
743 3296 801 3366 vel
836 3298 989 3390 iccirco,
1022 3306 1062 3369 ut

96 3428 269 3521 editores,
292 3456 362 3528 quo
389 3433 505 3504 minus
531 3442 690 3504 veterum
716 3432 929 3528 scriptorum
952 3456 1062 3526 opera

100 3567 199 3663 vagis
230 3565 362 3663 ubique
390 3577 528 3640 tentent
560 3568 773 3640 coniecturis
802 3577 838 3640 et
862 3566 1061 3657 inutilibus,

98 3700 329 3796 prohibeant,
365 3730 458 3774 nova
483 3703 591 3776 iidem
618 3703 820 3775 desiderant
846 3702 1062 3792 adiumenta,

91 3834 198 3935 qnod
229 3862 274 3908 ex
305 3837 407 3910 libris
439 3839 561 3913 MStis
595 3843 665 3911 iam
698 3838 859 3928 collatis,
896 3835 1066 3934 quicquid
