2280 4328
144 299 469 362 ANNOTATIONES.
504 297 587 362 CAP.
599 298 705 363 XLIV.
726 300 755 386 5.
770 304 841 363 128.
854 305 926 366 129.
973 302 1061 383 325

89 474 230 541 ficuutior
249 474 335 532 haec:
363 474 439 531 hona
460 485 512 531 aut
531 474 612 532 nulla
635 475 783 534 redieruut
804 486 856 534 aut
870 478 986 538 tabulae
1000 500 1056 559 pu·

90 562 185 618 blicue
207 562 304 634 eliqua
325 561 438 616 ratione
459 569 611 632 corruptae
632 571 707 618 cunt.

179 645 207 719 ἦ.
233 647 302 703 1⁶28.
344 644 500 702 reduviam
521 644 634 724 curem]
658 647 751 712 Quam
770 644 927 705 reduviam
941 646 1055 724 Cicero,

89 730 241 789 reluvium
268 728 371 787 Fertur
399 730 539 805 appellat,
570 748 603 787 ea
632 730 751 789 reluuiu
781 730 905 789 fortunae
934 732 1054 795 dicende

88 828 145 874 eet.
181 815 332 872 Gurutou.
375 813 418 871 Cf.
440 814 517 873 Fert.
538 832 561 873 ι.
583 836 611 876 v.
655 815 813 873 Rediuiuum
836 818 974 894 quidum,
996 819 1056 878 alii

88 900 239 959 reluvium
262 899 435 979 appellunt,
464 918 528 956 cum
556 901 640 958 circu
667 919 781 977 unguor
804 904 884 959 'cutie
905 921 937 961 ee
959 904 1054 962 retol-

88 988 153 1057 uit,
180 987 253 1063 quic
276 986 359 1042 luere
381 995 427 1042 ert
448 984 572 1042 reluere.
615 988 679 1054 Quo
701 988 810 1044 factum
831 998 890 1060 eat,
919 1000 953 1046 ut
975 986 1052 1046 Tur-

88 1073 182 1128 nebus
204 1070 322 1127 Aduerr.
344 1070 448 1141 XVH,
473 1091 497 1126 c.
520 1072 549 1127 8.
578 1070 726 1128 reluvium
747 1072 841 1128 dicere
862 1076 976 1148 mallet;
1004 1076 1052 1131 cui

88 1155 175 1215 hodie
198 1155 391 1230 adstipulatur
412 1155 595 1213 Garatooiar.
631 1156 778 1214 Manutius
799 1167 886 1232 atque
908 1159 1052 1217 Graeviur

88 1241 239 1300 rediviam
268 1241 504 1315 comprobarunt,
538 1241 614 1314 quod
642 1254 755 1316 praeter
775 1240 893 1301 Ferrum
919 1245 1053 1301 nonnulli

88 1328 228 1402 praebent
250 1327 317 1382 libri
338 1322 426 1383 MSS.
469 1323 598 1383 Reluuiu
621 1328 690 1403 quin
712 1340 790 1384 recto
813 1328 942 1401 dicetur,
965 1328 1051 1385 dubi-

88 1412 209 1469 tandum
232 1430 289 1468 uon
313 1421 372 1480 est,
408 1429 494 1486 quum
518 1411 613 1468 Latini
640 1413 737 1470 littera
759 1412 771 1468 l
792 1431 843 1487 pro
865 1414 886 1470 d
906 1433 1052 1471 nonnum-

88 1515 175 1571 quam
197 1498 364 1552 consuerint
385 1498 444 1566 uti,
465 1498 557 1553 veluti
579 1495 711 1554 delicere
734 1516 785 1571 pro
808 1497 966 1572 dedicore,·
988 1519 1050 1557 me-

88 1581 169 1639 licae
189 1600 241 1656 pro
256 1581 409 1653 mcdicue,·
431 1583 499 1638 item
518 1581 663 1638 lucrimue
686 1600 721 1638 ex
742 1579 860 1660 δάκρυον
879 1583 1051 1643 formarunt.

87 1667 127 1726 cf.
148 1665 225 1723 Fert.
247 1687 271 1724 r.
292 1688 319 1725 v.
363 1664 461 1723 Melie.
483 1664 581 1723 Delio.
624 1664 681 1722 Sed
704 1677 798 1724 tumen
820 1669 851 1723 in
873 1686 906 1724 eo
928 1681 973 1726 ert
992 1671 1048 1724 im-

87 1755 214 1829 positum
242 1750 345 1830 Ferro,
379 1750 455 1826 quod
482 1751 604 1808 formam
631 1750 778 1808 reluvium
806 1752 958 1830 genuinam
987 1771 1049 1810 ecre

86 1840 268 1895 existimarit
300 1854 418 1911 eantque
454 1854 472 1894 a
503 1835 609 1893 luendo
637 1839 657 1893 i.
687 1855 713 1894 e.
747 1837 884 1895 uoluendo
920 1839 1047 1911 repetiit.

85 1925 171 1991 Quae
198 1925 222 1978 ei
250 1941 320 1980 vera
347 1932 436 1990 esset,
465 1922 642 1997 probandum
669 1940 738 1979 runo
766 1922 857 1994 foret,
888 1923 1013 1979 litteram
1036 1921 1050 1979 i

84 2008 157 2065 item
180 2009 210 2064 in
232 2008 253 2065 d
273 2026 335 2063 erre
358 2018 506 2064 mutatam.
549 2006 730 2064 Probabilior
752 2008 845 2085 igitur
866 2007 961 2064 Vomii
983 2008 1047 2066 vira

84 2107 132 2150 ert
160 2094 342 2170 etymologia.
366 2092 422 2151 ὀἱ
451 2092 577 2168 Etymol.
606 2112 633 2167 p.
656 2093 727 2149 498.
756 2111 778 2151 r.
804 2112 832 2150 v.
883 2091 1047 2150 Reduuiue.

83 2178 194 2248 „Quid
216 2180 239 2234 ei
263 2177 435 2235 deducamur
457 2179 491 2233 ob
514 2179 632 2253 antiquo
654 2177 761 2248 reduc,
783 2177 860 2234 uude
880 2179 935 2234 erit
957 2177 1047 2234 redu-

81 2265 174 2332 uiue‚
205 2274 237 2320 ut
267 2263 302 2320 ao
323 2262 413 2319 induo
437 2274 466 2320 et
489 2282 582 2333 exuo,
610 2264 752 2320 iuduoiue
774 2274 803 2320 et
824 2261 973 2321 exuuiae?
1002 2262 1047 2321 lte

81 2348 232 2408 reduuiuc
255 2350 368 2423 proprie
395 2350 451 2405 erit
481 2367 559 2405 uouu
580 2351 658 2406 cutio
678 2349 851 2425 generalia,
882 2350 949 2423 quia
970 2348 1046 2406 cuti·

80 2437 179 2492 inetur
200 2437 289 2491 rectia
312 2452 434 2509 unguem
458 2434 551 2490 denuo
573 2435 683 2504 reduit,
710 2433 765 2489 hoc
786 2445 844 2503 eat,
867 2435 972 2490 iterum
992 2452 1047 2491 ve-

82 2522 139 2578 rtit
161 2538 195 2576 ec
218 2523 299 2597 tegit.
344 2520 453 2575 Graece
474 2518 580 2575 dicitur
601 2524 770 2597 παρονυχία,
792 2531 825 2575 ut
847 2518 922 2592 apud
944 2518 1044 2575 Pollu-

82 2624 156 2662 cem.
201 2602 247 2661 De
273 2624 306 2660 en
335 2603 516 2677 proverbium
540 2618 583 2661 cst
605 2607 680 2680 apud
702 2605 762 2663 Cic.
784 2614 856 2661 orat.
884 2621 936 2676 pro
960 2602 1044 2659 Rorc.

81 2691 180 2747 Aruer.
202 2708 266 2745 cum
282 2692 378 2767 cupiti
399 2688 512 2746 mederi
528 2689 651 2763 debean,
674 2691 829 2753 reduviam
845 2706 945 2745 curuo.
978 2685 1045 2743 Hoc

81 2787 145 2833 eet:
191 2774 354 2832 maioridue
382 2774 471 2831 mulie
509 2775 652 2851 negleclie
685 2773 848 2833 minoridue
882 2771 1043 2830 remedium

81 2863 244 2940 quaerie.“
267 2895 306 2906 -
336 2858 372 2918 cf.
395 2857 491 2916 Schol.
512 2860 577 2922 Vet.

171 2948 200 3021 ξ.
226 2947 294 3003 129.
344 2964 383 3001 cu
412 2946 507 3003 uuicti
535 2947 594 3003 mei
627 2944 725 3024 uentu]
757 2943 858 3001 Franc.
889 2952 919 3001 el
947 2944 1043 3001 enimi

80 3032 143 3091 mei
164 3049 261 3089 eeueu.
298 3029 362 3087 Nou
385 3032 468 3086 male.
507 3030 650 3088 Nimirum
669 3050 726 3109 pro
750 3031 844 3086 animi
865 3031 924 3087 mei
943 3048 1040 3088 eeueu.

80 3117 135 3176 Sic
159 3119 255 3189 paullo
283 3126 350 3172 ante
376 3115 468 3174 idcmt
498 3116 540 3173 ud
567 3118 669 3174 omuie.
717 3115 829 3172 Graec.
878 3115 919 3172 El
947 3118 1042 3172 enimi

78 3205 171 3261 etium
200 3201 243 3258 ed.
269 3203 359 3257 1480.
409 3198 467 3256 Sed
496 3204 624 3277 praefero
653 3221 708 3272 eu,
745 3219 804 3257 uon
831 3201 960 3275 equidem
990 3203 1040 3257 iliu

76 3300 178 3347 mutue
206 3285 362 3344 Facciolati
389 3288 515 3360 ratione,
555 3287 631 3363 quod
661 3289 704 3344 itu
730 3304 829 3343 seusun
856 3306 873 3344 a
903 3285 1060 3343 Cicerone

78 3373 290 3433 distribuatur:
313 3370 378 3427 ulia
400 3390 454 3447 ego
476 3373 541 3431 dico
557 3393 618 3452 pro
640 3391 685 3428 me
706 3391 744 3429 eu
759 3371 924 3429 cuimimei
941 3388 1039 3439 seueu,

77 3458 156 3521 ulia,
171 3476 233 3536 ‚pro
255 3456 361 3513 Roecio
391 3476 430 3514 eu
457 3458 552 3536 ipriuc
579 3456 734 3515 uoluntate
757 3457 872 3529 dicum,
902 3455 950 3511 red
973 3472 1039 3527 pro-

77 3556 147 3621 pter
176 3544 354 3617 aptissimum
387 3540 443 3599 hoo
471 3545 533 3601 loco
564 3554 650 3618 atque
679 3543 811 3600 omnibus
840 3551 936 3598 uotam
965 3540 1037 3609 eius,

77 3647 169 3704 quam
197 3627 347 3702 praefero,
385 3629 554 3705 elegantiam
585 3629 751 3686 locutionis.
800 3627 845 3685 lta
871 3626 947 3679 enim
975 3624 1038 3678 exi-

76 3715 184 3784 ntimo,
216 3711 329 3769 facilem
358 3730 455 3768 earum
481 3713 641 3769 litterarum
670 3714 905 3789 permutationem
932 3707 1039 3782 aptiori

77 3799 192 3856 formae
214 3796 350 3872 loquendi
370 3797 467 3853 fraudi
487 3816 548 3853 eure
568 3817 725 3874 numquam
745 3796 857 3855 debere
887 3790 1038 3851 Gerulum

78 3881 173 3943 codd.
194 3883 280 3941 multi
300 3891 331 3940 et
354 3882 466 3956 animi,
486 3901 578 3959 neque
598 3884 738 3943 abrouunr
755 3878 849 3951 loni,
869 3878 899 3961 li
918 3878 970 3957 qli
985 3886 1040 3943 vlt·
