2304 4320
118 284 197 361 133
255 283 577 345 annonarronas.
620 285 704 347 cae.
720 288 783 349 rx.
811 288 843 374 p.
859 294 914 353 as.
929 296 977 354 aa.

116 477 205 534 quum
226 456 300 514 idem
328 457 397 515 alilri
423 476 577 535 possessor
597 460 774 532 appelletur.
810 463 856 519 cf.
880 463 997 545 §.1⁰2
1026 463 1053 521 lt

115 545 192 601 cuim
220 543 251 599 iu
282 543 377 599 decens
406 543 462 600 fuit
491 545 594 620 legatis
622 544 656 599 alr
680 545 845 605 Anserinis
877 550 917 606 arl
940 549 969 607 la.
987 546 1052 623 Sallu

116 629 224 696 usiosis,
254 629 336 684 cuius
365 629 544 684 elementiam
572 630 765 701 implorarent
801 644 837 688 ct
861 634 1052 705 nrissrioordirs

114 725 148 772 ut
176 713 263 769 occisi
291 711 324 774 S.
347 709 447 768 Roscii
476 713 579 769 sariram
609 714 720 788 liliique
754 719 941 775 innocentis
969 718 1051 777 lortu

112 799 199 856 vellet
221 810 412 855 conservatas.
457 797 538 864 liuorl
567 798 679 872 quidem
710 803 900 860 nrnrrclatum
932 815 987 861 taor
1003 804 1050 861 sel

112 885 188 941 tiore
215 885 304 959 gessit
328 880 363 939 Τ.
386 880 509 939 lloscins
531 881 632 956 Capito
654 880 695 962 (§·
728 887 805 943 ΙΙΙ.
834 899 868 945 st
899 886 927 969 §.
954 884 1049 966 lilla

111 987 193 1025 snam
215 969 311 1041 potius
332 967 388 1023 sihi
409 982 519 1041 partem
542 987 604 1023 crrnr
621 966 826 1046 Chrysogono
853 973 1048 1048 depacisocrcta

111 1071 195 1128 quam
218 1052 246 1108 id
269 1062 384 1131 ageret,
414 1052 489 1124 quod
517 1064 688 1127 susceperat.
714 1052 834 1122 'Quod
867 1077 961 1133 quum
981 1059 1047 1129 itari¹

110 1137 264 1194 malitioso
286 1156 337 1211 pro
358 1138 521 1214 flagitioso
549 1139 580 1194 in
604 1137 758 1196 verborum
792 1143 941 1201 ordinem
968 1146 1047 1218 reeipo

109 1241 167 1279 non
190 1222 392 1279 dubitavimus.

201 1303 227 1387 ξ.
256 1308 307 1363 24.
357 1306 418 1377 Qui
445 1325 502 1362 nnn
531 1306 657 1385 ardere]
695 1306 886 1371 Rufinianus
921 1316 959 1373 de
987 1316 1045 1395 igni

109 1411 169 1467 cap.
192 1392 242 1452 36.
265 1392 350 1467 legit:
384 1393 435 1469 pui
464 1411 519 1448 nun
550 1393 658 1450 ardere
680 1393 736 1449 illo
759 1401 894 1472 ararnio,
925 1414 1045 1476 atque‚r

109 1490 195 1552 puto,
225 1479 345 1546 rectius3
374 1477 449 1534 illurl‘
473 1480 548 1533 enim
576 1478 690 1533 videtur
719 1482 868 1556 nimium,
889 1497 942 1544 ‘ut
970 1487 1043 1543 ardu

108 1563 205 1638 potins
219 1563 327 1632 omnia,
351 1581 472 1636 cupere,
494 1563 677 1637 quantumvis
692 1569 828 1622 oratorie
844 1570 977 1629 dicatur.
1003 1569 1043 1627 sn

108 1659 152 1704 cst
174 1647 223 1703 illa
246 1649 341 1703 onrrria
364 1648 437 1704 barra
459 1649 519 1725 igni
544 1650 656 1721 potius,
678 1667 763 1722 quoru
790 1648 832 1709 Τ.
850 1653 984 1725 Roscio,
1006 1656 1042 1712 nlt

106 1733 265 1789 curnrnissa.
298 1731 446 1789 Garatom
497 1730 586 1788 Recte
614 1733 741 1806 profecto
767 1741 941 1798 statuisset
963 1743 1042 1799 Garun

104 1819 188 1885 nius,
215 1818 241 1873 si
262 1819 348 1876 verba
370 1820 399 1874 in
422 1818 503 1874 corlrl.
525 1819 566 1873 sic
589 1820 761 1892 legeremus:
801 1842 904 1898 quum
928 1826 1041 1883 videres

103 1904 143 1960 in
165 1904 329 1960 iactantem
353 1922 385 1961 se
407 1923 444 1959 oc
466 1904 664 1960 dominantem
690 1900 721 1960 Τ.
743 1904 909 1968 Roscium.
956 1911 1041 1968 schel

103 2007 152 2045 rus
171 1988 333 2046 Observatt.
357 2009 382 2064 p.
396 1991 445 2045 42.
468 2008 519 2064 pro
542 1989 651 2046 orders
671 1993 815 2064 scripturn
839 1994 943 2053 fuisse
965 1994 1041 2055 canili

101 2073 223 2132 cudere.
266 2072 331 2131 Nou
355 2074 451 2147 probo.
551 2102 556 2111 ·

187 2157 213 2240 ᾗ.
236 2159 286 2216 25.
337 2156 446 2236 ltaque
474 2159 663 2216 decrerionum
691 2159 848 2218 decretum
888 2165 1040 2238 stalinfil

101 2251 136 2301 nl
157 2244 254 2302 decem
273 2245 376 2323 primi]
405 2243 558 2301 Senatores
580 2246 803 2317 municipiorum
828 2262 929 2324 atque
952 2254 1040 2311 eoloris

100 2348 166 2386 runs
195 2342 309 2386 constat
338 2331 527 2388 decurionum
557 2331 671 2385 nonrine
698 2330 784 2384 luisse
817 2340 999 2406 appellatos.
1024 2333 1041 2391 el

102 2413 239 2472 Niebuhr.
261 2413 300 2471 H.
323 2414 357 2472 R.
375 2415 402 2483 l,
426 2436 451 2488 p.
467 2417 537 2471 354.
565 2414 607 2470 ed.
628 2415 656 2469 3.
702 2413 808 2471 llccenr
835 2434 946 2480 autern
971 2427 1041 2500 ptine

101 2517 163 2557 rum
186 2499 463 2556 administrationem
485 2499 631 2556 contendit
652 2498 840 2557 Hotomanus
864 2507 908 2563 ad
935 2510 965 2569 h,
985 2513 1001 2566 l.
1017 2525 1041 2564 ae

101 2603 244 2662 quaquam
277 2586 306 2641 in
342 2585 460 2641 civitate
491 2585 613 2662 regenda
641 2605 674 2641 ac
703 2585 890 2647 ‹tet'auuemln
932 2608 1042 2651 versans

100 2691 178 2743 esse,
199 2669 248 2727 seu
270 2672 366 2746 potins
388 2671 418 2725 in
441 2671 600 2744 sumptibus
619 2671 659 2725 rei
681 2670 812 2743 pulrlieae
829 2693 944 2736 caussa
967 2681 1043 2736 facin

99 2757 152 2814 dis.
195 2754 304 2814 Contra
330 2753 476 2811 Manutius
504 2757 618 2811 nonnisi
644 2756 798 2828 legationis
829 2777 946 2821 caussa
978 2766 1043 2821 deest

97 2844 204 2917 primos
233 2853 345 2898 creatos
375 2859 436 2895 esse
467 2841 621 2896 existimat.
678 2838 842 2911 Utrumque
881 2848 1043 2923 reprehendi

97 2927 255 2996 Graevius,
276 2927 358 2983 cuius
379 2929 522 2982 sententia
541 2925 609 2981 haec
630 2937 687 2981 est:
715 2938 829 2994 „crant
854 2929 966 2992 elecem
987 2930 1044 3010 palai

96 3010 279 3081 decuriones,
312 3029 431 3086 qnorum
461 3012 612 3084 praecipue
640 3013 670 3065 in
698 3009 942 3074 administranda
966 3039 995 3076 rc
1013 3036 1044 3092 pl·

96 3094 170 3152 lrlica
198 3114 261 3152 cum
290 3096 449 3154 duumviris
478 3107 539 3153 erat
573 3096 745 3162 auctoritas,
783 3106 819 3150 ut
857 3099 979 3162 dudum
1009 3100 1044 3160 riti

95 3180 202 3237 eruditi
222 3182 407 3239 ostenderunt
429 3193 458 3237 et
480 3182 616 3252 nuperius
638 3178 679 3245 cl,
702 3178 837 3236 Norisius
869 3186 904 3242 in
931 3191 1044 3246 dissern-

94 3265 173 3321 tione
195 3267 286 3338 prima
308 3265 343 3323 od
359 3264 534 3340 cenotaphia
550 3265 662 3321 Pisana.
686 3265 727 3338 (p.
744 3264 791 3321 59.
809 3265 922 3346 60.).“
961 3275 1044 3345 Decea

82 3350 201 3424 ¹primos
223 3362 301 3408 certo
323 3370 439 3408 nruuere
461 3351 544 3428 fungi
566 3353 666 3407 solitos
688 3367 748 3404 esse
771 3350 816 3403 vel
842 3373 882 3410 ex
909 3357 959 3415 laio
980 3376 1044 3434 appr·

91 3445 137 3493 ret
158 3418 269 3507 vc'rbis3
299 3454 350 3510 pro
373 3433 456 3493 Rosc.
480 3434 506 3516 ᾗ.
533 3439 600 3492 ll7.
629 3453 729 3497 novem
752 3432 892 3496 leoninos
919 3443 1045 3502 honestis

92 3522 197 3593 simos,
220 3521 389 3582 eiusdem
411 3523 598 3592 muneris,
621 3520 780 3596 legationis
803 3536 863 3579 etc.
904 3527 950 3587 lis
972 3542 1046 3587 autes

89 3605 162 3671 illud
188 3625 292 3670 munus
322 3605 434 3662 vitatur
465 3609 630 3679 impositum
661 3606 763 3671 luisse,
795 3617 829 3661 ut
855 3625 1045 3679 evocarentur,

90 3693 140 3768 qui
163 3693 209 3750 rel
229 3692 302 3761 soli,
325 3690 355 3747 id
377 3692 453 3766 quod
475 3691 582 3749 facturn
605 3703 649 3749 est
671 3693 851 3768 legationum
875 3703 997 3774 gratia,
1016 3695 1045 3757 nl

88 3796 233 3837 annonas
254 3776 426 3855 magistratu
448 3775 477 3850 lu
498 3794 521 3836 e.
545 3777 704 3833 duumviris
726 3775 926 3842 decurionum
952 3788 997 3847 vel
1015 3795 1047 3841 ta-

89 3864 148 3921 tius
169 3857 286 3923 senatus
308 3862 423 3920 nominc
451 3879 496 3919 res
525 3876 656 3942 gererent
678 3877 764 3935 atque
796 3860 832 3916 de
859 3869 954 3929 rebus
976 3869 1045 3951 gestis
