2304 4320
139 292 224 369 unu
279 290 599 365 snncrsuronas.
642 290 726 354 cor.
743 292 869 355 xxx
891 297 993 377 aaa.

139 485 189 526 res
210 465 336 523 scrutari
358 465 477 536 insues3
499 462 673 522 maleficium
695 482 890 543 quaeramus
904 478 968 527 etc.
997 466 1042 527 vu
1057 469 1091 548 ipi-

140 562 190 610 tur
210 568 322 608 ιιιιιιιιιι
344 551 421 606 inest
438 551 505 607 voci
526 548 643 626 ssolefi,
662 550 741 607 unde
755 554 918 629 sequitur,
943 554 1090 631 sequentiis

141 646 277 713 oportere
306 632 394 693 scribi
424 637 466 692 ait
495 644 525 692 et
548 636 656 713 possit.
699 634 814 695 Vernus
841 649 954 698 tamen
975 648 1089 716 quuant

141 732 171 781 et
190 730 291 800 potest
313 722 464 797 scripserit
485 730 596 792 crstor,
617 721 789 797 primariam
816 735 955 799 apparet
976 728 1032 785 risa
1048 744 1089 783 cn·

140 809 229 865 tineri
256 806 355 863 verbis
382 805 433 863 ubi
461 813 491 863 et
519 814 565 863 eet
595 814 623 864 st
654 807 714 864 inc.
741 817 861 885 potest.
913 811 985 878 Qua
1005 810 1089 887 fian

140 909 228 968 quum
250 902 313 948 tota
335 889 406 948 baec
427 891 583 950 verborum
605 889 834 967 comprehensio
863 896 1047 971 respondeat
1063 916 1088 954 n·

139 975 193 1034 bus
220 977 373 1047 inanibus,
400 973 572 1033 Ciceronem
601 978 720 1034 nonnisi
747 975 827 1035 baec
856 979 971 1039 dicere
999 984 1093 1040 aalaioe

138 1061 325 1120 statuemlum
347 1064 403 1118 sit:
423 1062 610 1132 „desinamus
632 1081 678 1119 res
701 1067 852 1138 scrutari,
876 1085 964 1143 quae
986 1069 1021 1127 ιιΙ
1038 1070 1089 1127 iso

139 1148 277 1206 uienclum
308 1149 419 1203 crimeu
454 1145 528 1204 nibil
555 1149 672 1219 velent3
707 1149 809 1207 sedem
847 1152 1002 1212 maleficii
1031 1155 1089 1231 ipss

138 1250 322 1308 quaeramus,
344 1234 363 1292 i.
383 1252 408 1288 e.
431 1250 602 1308 quaeremus
624 1232 674 1298 ibi,
696 1232 745 1290 ubi
767 1253 886 1294 revera
912 1249 947 1295 et
971 1251 1015 1297 est
1030 1240 1088 1297 ιιιΙι

138 1317 236 1374 ΙίοΙιιιιι
267 1331 297 1373 ct
325 1318 450 1375 inveniri
479 1326 606 1393 pateat.“
650 1318 708 1375 nas
737 1338 829 1395 quum
863 1322 916 1380 its
949 1344 983 1382 se
1010 1323 1087 1393 bsbeu

137 1403 365 1461 indicativorum
387 1421 460 1478 quae
481 1406 520 1460 sit
540 1405 634 1475 ratio,
655 1424 714 1461 noo
736 1415 798 1477 est,
822 1408 912 1482 quoa
937 1411 1049 1468 addan.

225 1486 251 1569 ᾗ.
274 1489 327 1549 83.
370 1497 483 1545 certast
504 1493 617 1546 ινίιιιιιι
645 1510 732 1568 qaum
754 1490 864 1551 multis
897 1494 1087 1573 suspicionis

136 1572 336 1652 coarguatur]
359 1572 664 1650 Legeurlunrlortasse
679 1576 839 1634 incertum.
856 1576 1009 1640 bombis.
1034 1580 1088 1639 Ιιιι·

137 1658 223 1716 binus
245 1670 327 1734 putat
350 1661 409 1737 legi
432 1679 515 1734 posse
538 1661 704 1733 tncersum3
731 1664 856 1720 omnino
883 1667 916 1723 si
940 1667 1087 1725 contrarius

136 1746 270 1803 volumus
301 1745 439 1802 inducere
467 1747 547 1816 eius,
581 1746 658 1821 quod
689 1756 793 1802 auctor
824 1759 963 1811 tractat.
1000 1753 1086 1811 Gestat

135 1828 324 1900 Lumbinum,
352 1831 445 1887 virum
475 1833 563 1910 longe
585 1832 824 1910 sagacissimum,
858 1836 1086 1896 certissimissi

135 1915 252 1973 ductum
274 1937 337 1972 esse
354 1918 547 1994 argumentis,
567 1927 600 1972 ut
614 1917 689 1973 baoc
703 1933 784 1995 suum
801 1925 1010 1999 excogitaret
1023 1941 1086 1981 ease

135 2000 300 2065 (lotionem,
329 2022 382 2076 pro
411 2004 564 2076 explorato
586 2014 630 2059 est
651 2001 824 2061 habendum.
876 2009 1085 2076 Quocircsatl
1123 2030 1127 2037 ’

134 2089 193 2144 riri
216 2087 295 2144 docti
317 2089 435 2144 minime
451 2087 593 2144 deluebant
614 2089 769 2164 reponare
791 2090 846 2161 ite,
866 2105 908 2151 ut
932 2098 1034 2171 paucis
1050 2112 1085 2152 ear

136 2192 201 2229 esse
220 2174 376 2230 refutatam
399 2173 496 2229 verbis
518 2171 741 2232 arbitrarentur.
775 2176 821 2231 Ac
842 2179 929 2238 vide
953 2183 1084 2269 madore

132 2276 219 2335 quam
241 2261 280 2315 sit
302 2259 337 2315 acl
360 2259 577 2316 diiudicandum
598 2259 728 2315 difficilis
748 2269 839 2334 atquc
867 2246 1084 2335 dubitationil

134 2361 209 2419 quae
238 2345 383 2415 maxime,
414 2343 549 2401 obnoxia.
593 2343 711 2402 Certum
733 2346 839 2405 scribit
864 2363 984 2411 oratur
1010 2355 1083 2411 caina

134 2432 235 2487 multis
264 2432 384 2508 coargui
413 2431 634 2504 aruspicionibns.
677 2431 716 2487 At
743 2441 863 2489 certum
890 2440 1015 2499 crimen
1032 2436 1084 2514 utut

132 2517 250 2573 tandem
272 2535 334 2571 esse
358 2513 541 2589 putabimual
584 2514 660 2572 Num
686 2515 801 2573 lacinus
825 2518 956 2582 decribi
980 2526 1084 2591 diceas.

131 2602 209 2677 quod
232 2613 344 2658 certum
365 2611 487 2659 vocetur
509 2611 678 2676 propterea,
700 2601 777 2678 quod
799 2621 922 2664 revera
945 2607 1084 2669 factumn

131 2699 162 2744 et
183 2698 253 2744 ante
275 2687 403 2743 omnium
425 2698 560 2743 versetur
581 2683 701 2742 oculosl
730 2687 818 2754 Quod
839 2707 925 2751 sane
950 2696 1030 2753 foret
1044 2710 1084 2773 pu-

130 2775 350 2843 rersissimum,
377 2774 403 2829 si
430 2774 540 2829 crimen
569 2773 726 2831 admissum
747 2773 900 2845 vellemus
926 2793 1083 2853 cerauno

130 2861 252 2934 pallore,
274 2876 378 2934 quum,
400 2859 476 2933 qnod
498 2857 655 2914 admissum
678 2877 738 2915 nou
760 2868 822 2930 est,
844 2867 983 2924 omniuo
1005 2869 1083 2925 erico

111 2945 191 3001 -dici
213 2963 273 3023 nou
295 2953 389 3019 queat.
433 2941 491 3001 Seel
515 2943 574 3000 vict.
597 2942 720 3019 interpr.
742 2902 829 3024 ιιίξ.
855 2949 988 3008 86...
1019 2950 1082 3021 Qum

46 3034 50 3039 “
128 3032 249 3095 nonnisi
270 3032 312 3086 ita
334 3029 462 3106 intelligi
483 3028 555 3084 baec
573 3027 667 3085 verita
687 3041 821 3104 possunt,
849 3043 903 3107 ut,
927 3037 967 3095 ab
991 3051 1083 3117 quouis

128 3116 170 3171 sit
191 3115 390 3186 admissum,
383 3133 439 3171 ram
461 3116 493 3171 iu
512 3116 665 3191 propatulo
688 3123 1082 3196 conseruationem

128 3201 259 3275 postulat
293 3202 563 3301 interpretationem
596 3202 639 3256 via
677 3198 811 3256 vocabuli
851 3210 999 3281 genuina
1024 3218 1082 3283 atq!

127 3287 265 3362 propria,
293 3304 380 3360 quum
408 3287 525 3342 nonnisi
557 3285 586 3342 in
617 3286 678 3342 fere
701 3284 874 3363 significet,
912 3295 995 3368 quod
1027 3304 1082 3351 exto

128 3389 243 3428 omnem
272 3371 310 3426 sit
340 3383 369 3427 ct
397 3371 609 3428 dubitationem
632 3381 662 3427 ct
683 3372 898 3446 suspicionem.
934 3380 976 3438 ci'.
999 3376 1082 3438 Cieir

126 3456 211 3514 Verr.
233 3453 283 3526 ΙΙΙ,
308 3474 331 3512 c.
356 3456 405 3513 75.
427 3455 455 3538 §
482 3457 549 3516 175.
586 3453 711 3526 Omnia,
735 3474 810 3533 puae
833 3458 994 3538 dicimus,
1015 3462 1083 3523 ntis

126 3542 214 3601 nilus
234 3540 410 3618 populorum
433 3560 491 3600 non
512 3543 700 3620 interpositis
722 3561 815 3620 nepus
835 3550 1039 3620 perturbatis
1052 3565 1083 3607 st

126 3648 181 3708 pue
202 3628 385 3705 repentinis,
414 3626 468 3683 aed
488 3629 598 3696 certis,
625 3628 776 3685 institutis
805 3630 924 3693 ordine
955 3637 1084 3697 reloisel

126 3715 269 3816 confecto
291 3720 381 3784 snnl;
409 3712 459 3768 ubi
487 3722 589 3771 certae
612 3714 747 3770 rationes
776 3712 951 3791 dicuutur,
980 3734 1084 3800 quaeat

125 3801 278 3858 minimum
306 3797 421 3875 quidem
451 3800 561 3855 erroris
589 3817 658 3874 prae
687 3817 718 3855 se
747 3797 847 3857 ferant
881 3763 1084 3867 indicium.

127 3883 243 3944 Comei.
257 3884 332 3961 Nep.
347 3883 406 3942 vn.
427 3881 515 3943 Paua.
543 3904 569 3942 c.
583 3887 614 3943 2.
639 3880 710 3966 §.a
741 3882 870 3947 Certum
896 3884 1086 3957 lanima
