2304 4320
85 314 167 392 512
217 309 542 377 anuornutonas.
585 308 669 375 car.
679 310 859 375 xxxix.
882 316 915 393 p.
932 317 992 374 ιιι.

90 492 152 549 bini
174 489 329 565 explicatio
350 487 377 543 ai
397 503 468 543 vera
488 495 580 558 emet,
607 483 746 560 profecto
776 487 893 545 verba
903 496 953 545 eat
971 487 1042 544 ricle-

91 594 231 662 gerentur
251 575 372 646 acripta·
410 571 437 628 ei
468 580 550 629 recte
575 571 685 644 faciat
719 572 769 642 ia,
814 574 876 650 qui
907 573 1042 630 mandator

93 662 208 739 recepit
230 670 280 717 eut
308 658 336 714 ei
363 666 444 714 recte
465 655 553 729 fiant
575 654 643 734 (rer
664 656 824 714 minimae
845 659 1043 737 privataeque}

94 746 206 804 Deinde
231 746 315 819 plane
337 760 472 817 perreraa
494 752 538 798 eet
560 752 676 818 propter
699 745 888 818 sequentia:
919 763 973 800 non
990 743 1044 800 illua

95 835 147 911 pai
172 829 348 888 mandatum
375 828 533 929 receperit.
576 826 694 883 Etenim
728 828 820 885 ubi·
810 847 859 900 re,
893 832 944 904 qui
963 830 1044 887 manle·

97 932 158 976 tum
181 916 305 989 recepit,
329 915 396 972 boni
418 915 475 970 viri
496 930 597 972 rerem
617 909 757 990 iungitur
781 910 892 971 officio
915 925 994 988 atque
1008 934 1044 970 ru

96 1015 212 1060 ttrenue
233 1001 309 1077 gerit
330 997 510 1066 mandatam,
538 998 562 1054 ia
585 997 715 1069 demum,
745 1001 806 1072 qui
830 999 1044 1071 mandantem

99 1090 212 1165 gligena
249 1094 343 1158 pateat
370 1102 439 1139 ease.
494 1081 636 1139 lnaulrum
664 1092 767 1140 autem
800 1083 907 1156 foret,
943 1086 969 1140 ri
991 1086 1044 1142 rolla

98 1175 154 1228 iant
178 1169 281 1226 addere
304 1188 361 1226 non
388 1170 434 1238 ir,
466 1169 517 1245 qui
544 1166 722 1224 mandatum
750 1172 903 1249 recepit,
934 1181 1044 1244 proptera

98 1256 175 1332 quod
197 1266 257 1311 tum
280 1272 393 1328 peanum
415 1254 532 1311 daretur
554 1255 631 1326 prior
652 1254 832 1328 cententia,
864 1273 914 1312 ree
935 1254 1045 1311 mandatu
1076 1320 1079 1329 Ι

98 1359 200 1398 revera
222 1350 338 1395 strenue
360 1340 421 1416 geri
444 1350 531 1412 etque
553 1338 716 1414 diligenter.
758 1336 967 1415 Perspicuum
985 1350 1045 1396 enter

100 1437 161 1495 eet,
191 1423 235 1479 hia
264 1425 388 1480 oratoria
414 1424 510 1481 verbis
532 1421 605 1480 hanc
625 1421 684 1478 lere
707 1425 872 1483 contineri
894 1427 1045 1482 cententitu:

98 1509 153 1567 Rei
182 1507 332 1565 mandatae
358 1510 536 1586 negligentia
562 1509 610 1566 vel
638 1509 766 1564 maxime
800 1511 999 1586 vituperanda
1018 1519 1046 1576 at,

100 1606 252 1670 propterea
274 1593 365 1668 quod,
389 1595 503 1650 tametsi
525 1612 603 1659 eum,
626 1594 675 1667 qui
696 1593 879 1667 mandarit,
910 1597 972 1654 veri
990 1595 1046 1651 airilt

99 1698 158 1737 non
179 1688 224 1734 eat
245 1680 287 1735 rei
308 1696 377 1736 auae
399 1681 482 1735 alteri
510 1678 661 1735 mandatae
688 1696 753 1733 erae
779 1697 917 1753 prorant
939 1682 1047 1759 negliget

100 1775 176 1835 tent,
198 1775 309 1835 tamen,
332 1765 358 1819 ai
379 1776 456 1820 recte
476 1763 528 1821 liat
549 1765 568 1821 i.
581 1782 605 1819 e.
626 1764 652 1818 ai
669 1763 777 1819 ordine
795 1764 819 1821 f.
845 1765 905 1844 (cf.
922 1767 1047 1840 produit

101 1869 125 1911 c.
141 1851 170 1905 t.
193 1846 220 1929 ξ
230 1851 285 1905 18.
308 1857 388 1906 recte
411 1859 501 1926 atque
523 1848 628 1905 ordine
640 1849 771 1921 factum
797 1850 953 1930 videtur)
974 1853 991 1908 1.
1008 1849 1047 1911 e‚r'

101 1936 173 1992 velit
202 1953 261 1990 rem
291 1933 447 1991 diiudicare
468 1935 614 2003 subtiliter
636 1945 664 1989 et
686 1933 725 1990 ad
747 1946 873 1993 certam
898 1952 1047 1995 normano

100 2022 242 2076 rationem
271 2020 402 2096 exigere,
434 2030 497 2075 uter
524 2019 625 2075 debeat
646 2035 707 2076 rem
729 2023 919 2099 negligere,
950 2038 1047 2095 eampt

102 2107 160 2161 tius
188 2105 335 2182 negligere
363 2114 495 2179 oporteat
521 2115 550 2161 et
579 2105 610 2159 in
636 2103 692 2159 lide
725 2105 860 2163 alteriue
892 2109 1047 2183 acquiescat,

101 2192 152 2262 qni
173 2188 335 2259 mandarit,
359 2208 443 2263 quam
467 2191 517 2263 qui
538 2189 704 2245 mandatum
727 2197 897 2264 receperit.
947 2190 1047 2248 Similiter

101 2293 154 2331 noa
176 2274 236 2328 fere
257 2273 394 2332 dicimus:
424 2286 535 2332 wenn'e
556 2272 641 2331 reciet
660 2272 854 2349 geecbieltet.
906 2275 953 2334 Cf.
974 2277 1047 2334 Emat

102 2359 140 2416 ad
162 2358 223 2416 1ι.1.
267 2359 350 2425 Quod
374 2377 461 2434 quum
483 2362 526 2416 ita
548 2362 603 2431 ait,
627 2361 718 2417 multo
740 2378 819 2417 rane
842 2380 897 2418 rea
921 2363 1048 2441 eiguilina

101 2446 160 2501 tiua
184 2444 261 2499 diota
282 2455 342 2520 eat,
372 2445 423 2501 ubi
452 2448 572 2502 ratione
600 2445 634 2501 ab
657 2443 802 2501 Cicerone
832 2465 904 2504 eoae
929 2447 1047 2521 profectur

102 2529 266 2587 statuimur
310 2529 373 2586 Vid.
396 2530 472 2586 infra
494 2530 584 2590 cta.
606 2531 722 2604 §.132
750 2533 1048 2612 rationediaporitre

103 2633 135 2673 re
157 2613 267 2670 babere
295 2615 482 2673 existimant
505 2616 541 2672 ad
563 2616 651 2671 Attio.
672 2614 746 2686 Xll,
779 2619 835 2672 44.
870 2623 903 2694 ξ.
929 2621 958 2675 3.
998 2610 1048 2686 Qui

103 2700 182 2757 domi
208 2708 237 2756 te
266 2699 432 2773 ineluctati,
462 2703 582 2758 ratione
600 2700 722 2773 fecisti.
769 2700 840 2759 Vid.
868 2702 977 2762 Mattb.
1017 2696 1049 2757 Sei

51 2834 54 2840 .
102 2796 200 2842 tamen
221 2784 282 2840 id·
273 2805 366 2860 rpeum
389 2798 559 2865 argumento
587 2786 669 2841 nobie
697 2795 761 2855 ert,
794 2791 1049 2861 praesertimque

102 2871 170 2926 libri
194 2871 309 2943 plurimi
332 2880 413 2928 recte
436 2873 608 2944 praebeant,
628 2871 807 2944 scripturam
831 2876 965 2932 ratione
978 2872 1049 2948 potin

104 2972 189 3028 qnam
211 2965 308 3026 recte,
331 2975 384 3031 pro
405 2958 660 3030 interpretamento
681 2973 742 3011 ease
765 2954 954 3018 habendam.
988 2956 1049 3013 Steiu

102 3057 147 3094 me
150 3042 207 3097 taio
237 3043 330 3119 igitur
357 3045 545 3113 assentimur,
576 3042 626 3116 qui
648 3058 685 3097 ex
706 3039 794 3098 codd.
818 3054 914 3103 recte
936 3045 1050 3104 verboru

102 3123 198 3180 ordini
219 3127 350 3184 inseruit.
373 3159 412 3170 -

188 3209 215 3280 ξ.
240 3213 309 3269 114.
354 3211 516 3269 dunenaldo
532 3229 592 3290 per
614 3209 778 3289 arbitrum]
810 3208 871 3270 Sic
901 3217 971 3274 libri
989 3176 1051 3271 onae

9 3310 13 3317 ·
102 3303 217 3377 praeter
239 3293 432 3354 Scholiastam
454 3298 603 3371 Veterem,
634 3297 684 3371 qui
706 3314 770 3374 per
798 3298 975 3359 arbitrium
994 3295 1051 3356 altit

104 3372 186 3445 Quae
215 3381 330 3454 quidem
358 3385 502 3457 acriptura
531 3400 588 3439 non
617 3394 661 3439 eet
689 3383 886 3458 spernenda,
923 3381 1052 3473 praesertin

103 3481 191 3537 cuum
223 3483 325 3523 revere
353 3487 418 3524 eum
447 3470 488 3526 aic
517 3469 621 3545 legione
650 3465 780 3522 eiusdem
806 3467 924 3529 doceat
946 3479 1052 3538 ceteroq¹¹

102 3566 161 3605 non
184 3550 330 3624 probanda
351 3553 568 3625 interpretatioa
592 3552 626 3608 id
646 3557 693 3609 eet
715 3551 836 3610 iudicio
864 3561 1004 3617 omniun.
1027 3548 1052 3605 lt·

104 3632 160 3690 dex
182 3647 278 3692 autern
300 3637 394 3694 veluti
415 3638 569 3709 respondet
591 3638 716 3707 iudicio,
746 3638 795 3695 ita
819 3643 944 3700 aririter
964 3635 1052 3700 arbitria

102 3715 147 3775 Cf.
170 3719 228 3775 Cic.
252 3739 304 3795 pro
327 3719 412 3778 Rooc.
435 3719 514 3778 Com.
536 3726 607 3778 c.4.
627 3723 655 3794 ξ.
672 3725 721 3780 10.
749 3723 918 3787 iudicium
941 3734 1052 3803 curpett

103 3802 174 3860 niae
196 3815 315 3877 certae,
338 3806 499 3863 arbitrium
520 3809 666 3867 incertae.
710 3807 788 3867 ibid.
813 3809 844 3892 ᾗ.
878 3817 932 3876 11.
958 3807 1052 3917 puidti

104 3886 137 3944 in
166 3889 300 3952 iudicio?
335 3891 498 3966 directum,
534 3901 692 3972 ceperum,
729 3895 899 3977 eimplcatr
941 3905 968 3962 ei
989 3894 1053 3981 pedi
